1880 3032
282 211 306 248 4
808 222 920 269 em
944 214 1131 251 mm.

282 336 426 362 annum
453 324 513 359 27.
540 322 706 365 Ovidius,
733 322 796 370 qui
822 334 950 359 mense
977 322 1110 360 Martio
1137 323 1228 360 anni
1261 324 1321 360 43.
1348 325 1459 360 natus
1484 323 1649 369 tempore

282 383 461 430 triumphi
486 383 669 418 Messallae
696 394 840 418 annum
866 382 997 428 agebat
1033 381 1422 429 septimumdecimum
1457 384 1581 428 atque,
1607 382 1651 417 ut

281 443 359 489 ipse
385 441 485 483 dicit,
513 441 587 478 iam
614 452 709 488 puer
734 441 888 478 domum
914 439 1095 477 Messallae
1126 441 1271 477 colebat
1307 443 1344 477 et
1379 439 1646 487 frequentabat.

281 501 339 537 En
366 500 483 544 vobis,
510 501 699 538 auditores
725 500 930 537 doctissimi
942 501 964 543 1,
1005 497 1115 538 Trist.
1141 500 1203 537 IV.
1230 500 1278 544 4„
1305 512 1376 537 vss.
1404 500 1562 537 27—28.
1589 499 1649 543 (ad

281 560 537 604 Messalinum,
564 560 685 596 filium
711 559 892 596 Messallae
919 559 1130 603 maiorem)t

520 640 602 669 Nm
623 641 699 668 tuus
721 640 770 668 est
784 637 900 677 primi:
920 638 1034 667 cultus<
1047 637 1131 667 mihi
1151 635 1279 678 semper
1299 637 1338 668 ab
1358 637 1452 671 annis
1471 654 1511 660 —·

559 689 630 718 Hoc
652 689 736 718 certe
759 687 826 717 noli
847 687 1053 717 dissimulare
1074 704 1114 709 —
1134 690 1236 726 pater.

395 768 457 811 Ad
494 766 656 804 eundem
693 766 937 813 Messalinum
972 767 1121 815 scripsit
1155 766 1278 818 Epist.
1315 779 1359 805 ex
1393 765 1572 805 Pont.11.

280 828 388 865 cuius
413 821 519 885 initio
545 828 780 872 (vss.1—2.)
806 827 981 873 legimus:

518 906 578 935 1110
601 906 716 935 domus
737 908 851 935 vestrm
870 905 984 944 primis
1004 907 1173 937 venerator
1193 905 1232 935 ab
1251 905 1353 940 anni-³,

559 955 676 985 Pulsus
698 955 737 985 ad
761 954 879 984 Euxini
900 956 986 985 Naso
1009 955 1142 997 sinistra
1162 955 1252 990 freti3

273 1040 329 1082 -et,
356 1018 455 1085 quod
483 1035 553 1072 hoc
579 1035 661 1071 loco
688 1035 790 1078 dixit,
818 1035 927 1071 iterat
957 1036 1026 1071 sub
1061 1035 1176 1071 finem
1212 1035 1335 1081 elegioe
1372 1035 1548 1077 eiusdem,
1576 1048 1647 1073 vss.

282 1097 488 1133 99—100.,-

293 1154 296 1157 ⁴
518 1159 588 1188 Hoc
608 1160 702 1196 pater
721 1157 778 1187 ille
798 1160 874 1187 tuus
891 1157 993 1196 primo
1014 1158 1097 1187 mihi
1118 1158 1225 1188 cultus
1247 1157 1286 1187 ab
1307 1167 1385 1193 aevo,

559 1207 592 1236 Si
614 1206 692 1244 quid
714 1206 811 1236 habet
833 1215 948 1236 sensus
969 1206 1085 1236 umbra
1106 1206 1238 1242 diserta,
1259 1207 1350 1245 petit.

399 1287 455 1323 Ad
482 1286 639 1323 eandem
665 1297 743 1321 rem
769 1285 930 1332 pertinet
955 1285 1071 1333 Epist.
1100 1297 1143 1322 ex
1167 1286 1273 1322 Pont.
1300 1285 1348 1322 II.
1377 1287 1423 1330 3.,
1451 1287 1550 1333 quod
1569 1298 1645 1324 car-

279 1360 367 1385 men
393 1348 504 1394 poeta
529 1346 576 1382 ad
604 1345 784 1381 Messallae
811 1345 931 1381 filium
956 1346 1152 1389 minorem,
1180 1346 1227 1381 ad
1254 1346 1459 1382 Maximum
1486 1346 1645 1391 Cottam,

279 1407 436 1454 scripsit,
463 1405 528 1441 ubi
554 1416 593 1440 se
620 1415 663 1440 co
689 1405 766 1440 iam
792 1405 971 1452 tempore,
1006 1416 1078 1451 quo
1116 1404 1224 1441 Cotta
1262 1407 1372 1441 natus
1409 1408 1514 1449 esset,
1551 1406 1645 1442 Mes-

280 1468 381 1504 sallae
409 1466 564 1502 domum
591 1465 843 1511 frequentasse
870 1464 1050 1510 gloriatur
1074 1468 1157 1508 (vss.
1187 1465 1378 1509 71—74.):

518 1548 559 1576 Et
579 1546 665 1584 quod
687 1555 758 1576 eras
779 1546 853 1576 aliis
873 1547 988 1583 factus,
1009 1547 1093 1576 mihi
1113 1549 1209 1576 natus
1231 1547 1365 1583 amicus,

559 1596 713 1634 Quodque
735 1596 794 1627 tibi
815 1597 849 1626 in
871 1597 964 1627 cunis
985 1597 1096 1628 oscula
1116 1597 1223 1636 prima
1243 1598 1326 1634 dedi,

518 1646 621 1682 Quod,
641 1656 715 1676 cum
739 1648 845 1676 vestra
867 1647 982 1676 domus
1002 1646 1111 1678 tener-is
1130 1647 1214 1676 mihi
1236 1656 1365 1686 semper
1385 1647 1423 1677 ab
1443 1648 1537 1679 annis

557 1696 652 1726 Culta
672 1697 723 1732 sit,
745 1705 815 1725 esse
835 1698 929 1725 vetus
950 1705 1002 1725 me
1023 1696 1082 1725 tibi
1104 1697 1190 1734 cogit
1211 1706 1303 1726 onus.

398 1778 537 1813 Auctor
563 1776 697 1821 elegiae,
725 1778 767 1812 ut
794 1787 906 1823 supra
930 1776 1104 1819 vidimus,
1141 1776 1352 1812 Messallam
1379 1777 1448 1813 sibi
1473 1779 1649 1825 proponit

278 1838 319 1874 in
359 1839 437 1873 arte
474 1835 620 1882 poetica
658 1834 891 1880 magistrum,
928 1835 987 1871 cui
1020 1835 1315 1883 appropinquare
1353 1838 1438 1879 (vss.
1475 1838 1648 1882 59-63.)

278 1897 456 1944 temptat3
495 1895 658 1932 Ovidius*
676 1906 822 1941 quoque
853 1907 949 1942 saepe
986 1897 1251 1932 commemorat
1285 1895 1498 1933 Messallam
1534 1897 1648 1934 fuisse

280 1957 420 2003 ingenii
447 1956 507 1991 sui
533 1955 668 1990 ducem
694 1966 807 2000 seque
833 1955 880 1989 ab
905 1954 983 1997 illo,
1011 1957 1054 1991 ut
1089 1955 1255 1990 carmina
1290 1955 1424 1997 ederet,
1450 1967 1530 1992 esse
1565 1968 1645 2003 per-

277 2014 445 2055 motum3
472 2013 518 2049 cf.
545 2012 659 2059 Epist.
690 2023 732 2047 ex
758 2012 865 2048 Pont.
892 2012 922 2048 Ι.
950 2013 984 2056 7,
1012 2013 1172 2049 27—28.
1197 2013 1258 2058 (ad
1284 2013 1562 2061 Messalinum:

516 2093 581 2122 Nec
601 2094 677 2122 tuus
699 2095 748 2122 est
769 2092 896 2130 genitor
916 2102 976 2122 nos
997 2092 1156 2122 infitiatus
1178 2092 1309 2127 amicos,

558 2139 709 2172 Hortawr
731 2141 832 2171 studii
852 2150 1013 2179 causaque
1033 2140 1150 2180 samque
1169 2140 1251 2176 mei3

277 2221 463 2267 praeterea.
481 2217 619 2274 ibidem
646 2216 695 2255 ΙΙ.
723 2219 757 2262 3,
785 2218 944 2255 75—78.
971 2218 1031 2261 (ad
1057 2217 1260 2254 Maximum
1287 2216 1466 2261 Cottam:

516 2296 568 2326 Me
588 2298 664 2325 tuus
686 2295 741 2325 ille
762 2297 864 2334 pater,
886 2295 986 2325 Latiae
1009 2294 1160 2325 facundia
1180 2295 1309 2333 linguae,

556 2344 632 2381 Quae
654 2353 719 2374 non
740 2343 876 2374 inferior
896 2342 1067 2374 nobilitate
1087 2343 1159 2380 fuit,

515 2394 655 2429 Primus,
677 2396 713 2424 ut
734 2394 886 2424 auderem
908 2395 1111 2424 committere
1132 2394 1278 2424 carmina.
1298 2393 1401 2430 famae,

556 2444 708 2484 Impulit:
729 2442 850 2483 inyenii
869 2443 934 2474 dum
954 2444 1016 2473 suit
1036 2443 1092 2473 ille
1112 2444 1188 2474 mei.

397 2520 494 2557 Alibi
530 2522 657 2556 autem
683 2519 876 2566 ingenium
903 2531 1014 2557 suum
1040 2532 1063 2557 a
1089 2531 1225 2566 magno
1252 2519 1316 2556 illo
1342 2520 1420 2556 viro
1446 2520 1645 2568 probatum

951 2589 974 2619 4

1760 3009 1880 3032 ,At-fl
