1880 3032
639 708 839 747 ELEGIA
869 708 929 746 IN
958 707 1287 747 MESSALLAM.

778 828 886 865 (Verg.
908 827 1061 866 Catalept.
1083 827 1152 865 IX.)

426 949 553 984 Pauca.
577 947 681 990 mihi,
707 947 814 983 niveo
841 947 905 983 sed
931 959 1008 983 non
1035 941 1224 993 incognita
1249 946 1400 990 Phoebo,

479 1008 603 1044 Pauca
628 1007 721 1043 mihi
746 1007 863 1044 doctae
890 1007 1000 1044 dieite
1026 1007 1229 1053 Pegasides.

431 1068 557 1104 Victor
581 1066 697 1110 adest,
724 1067 851 1113 magni
876 1078 1056 1113 magnum
1082 1067 1196 1103 decus
1223 1078 1306 1103 eece
1332 1066 1525 1114 triumphi,

480 1126 614 1167 Victor,
642 1137 715 1171 qua
740 1127 844 1161 terrae
871 1136 1017 1172 quaque
1042 1128 1173 1172 patent
1198 1126 1326 1169 maria,

372 1205 394 1224 [ἦ
433 1185 594 1222 Horrida
619 1184 819 1221 barbaricae
845 1186 998 1231 portans
1024 1185 1186 1231 insignia
1210 1196 1355 1232 pugnae,

479 1244 638 1290 Magnus
664 1246 708 1279 ut
733 1243 879 1281 Alcides
904 1246 1019 1289 utque
1046 1245 1226 1290 superbus
1252 1245 1368 1290 Eryx3

430 1303 507 1340 Nec
532 1302 658 1339 minus
683 1302 819 1340 idcireo
846 1304 987 1339 vestros
1012 1313 1224 1350 expromere
1251 1304 1383 1339 cantus

479 1361 664 1398 Maximus
690 1363 727 1398 et
752 1363 900 1398 sanctos
927 1361 1060 1407 dignus
1085 1361 1178 1398 inire
1204 1362 1348 1398 choros.

428 1421 508 1457 Hoc
533 1420 658 1465 itaque
684 1420 841 1456 insuetis
867 1420 983 1457 iactor
1007 1420 1136 1465 magis,
1164 1421 1313 1467 optime,
1341 1421 1449 1465 curis,

355 1498 393 1519 »ιο
479 1478 576 1524 Quid
603 1478 648 1514 de
675 1481 711 1514 te
736 1478 876 1526 possim
902 1478 1059 1515 scribere
1086 1479 1219 1527 quidve
1244 1480 1323 1517 tibi.

428 1541 595 1584 Namque
621 1538 778 1580 (fatebor
804 1538 917 1581 enim)
942 1550 1023 1583 quae
1051 1539 1213 1574 maxima
1238 1539 1450 1575 deterrendi

477 1596 627 1640 Debuit,
654 1596 828 1633 hortandi
853 1596 1014 1634 maxima
1038 1608 1150 1634 causa
1175 1598 1256 1635 fuit.

427 1660 549 1694 Pauca
574 1659 638 1693 tua
665 1657 703 1692 in
731 1659 877 1693 nostras
902 1659 1086 1693 venerunt
1110 1657 1273 1693 earmina
1298 1658 1456 1702 chartas,

478 1716 651 1753 Carmina
677 1727 762 1752 oum
788 1715 928 1761 lingua,
955 1718 1036 1752 tum
1062 1717 1137 1752 sale
1164 1716 1350 1764 Cecropio,

352 1795 390 1814 *15
428 1775 614 1819 Carmina,
642 1787 722 1821 quae
749 1775 876 1812 vivent
900 1776 1019 1812 saeclis
1045 1778 1195 1823 accepta
1220 1777 1367 1821 futuris,

476 1834 662 1878 Carmina,
689 1846 769 1881 quae
796 1834 940 1881 Pylium
966 1834 1111 1872 vincere
1137 1833 1250 1882 digna
1275 1847 1414 1873 senem.

426 1894 591 1931 Molliter
616 1893 677 1929 hic
702 1893 811 1929 viridi
836 1894 972 1940 patulae
999 1894 1068 1930 sub
1094 1894 1254 1940 tegmine
1281 1907 1437 1941 quereus

475 1952 612 1989 Moeris
638 1955 805 1999 pastores
831 1954 868 1989 et
892 1952 1090 1989 Meliboeus
1116 1955 1231 1997 erant,

425 2012 559 2050 Dulcia
584 2012 763 2049 iactantes
789 2013 935 2049 alterno
962 2013 1128 2049 earmina
1152 2026 1271 2058 versu,

349 2090 389 2111 ,ρο
476 2071 610 2117 Qualia,
635 2070 830 2108 Trinacriae
856 2071 988 2108 doetus
1013 2074 1116 2109 amat
1141 2073 1296 2109 iuvenis.

426 2132 602 2169 Certatim
629 2131 813 2168 ornabant
839 2142 970 2168 omnes
995 2132 1149 2169 heroida
1175 2132 1261 2174 divi,

475 2191 651 2228 Certatim
678 2191 770 2226 divae
796 2202 950 2227 munere
977 2203 1132 2239 quaeque
1159 2203 1237 2227 suo.

425 2251 584 2287 Felicem
611 2251 698 2286 ante
725 2249 816 2286 alias
843 2262 863 2286 ο
889 2251 926 2286 te
953 2250 1130 2297 scriptore
1155 2251 1340 2297 puellam!

475 2310 599 2346 Altera
625 2321 702 2345 non
730 2309 830 2344 fama
855 2309 986 2346 vixerit
1011 2310 1089 2345 ulla
1114 2310 1235 2356 prior:

348 2386 387 2408 -25
425 2369 507 2406 Non
533 2368 608 2412 illa,
636 2367 886 2414 Hesperidum
914 2368 953 2404 ni
979 2380 1134 2405 munere
1161 2371 1269 2416 capta
1294 2370 1433 2414 fuisset,

475 2428 565 2472 Quae
591 2427 780 2463 volucrem
806 2439 917 2464 cursu
943 2428 1081 2465 vicerat
1104 2428 1368 2476 Hippomenen
1380 2442 1389 2471 ;

424 2486 591 2525 Candida
617 2497 752 2533 cycneo
778 2497 855 2523 non
881 2486 981 2523 edita
1006 2488 1185 2534 Tyndaris
1210 2501 1292 2532 ovo,

473 2546 556 2582 Non
583 2556 714 2592 supero
740 2545 886 2592 fulgens
912 2545 1112 2593 Cassiopea.
1136 2548 1236 2594 polo,

946 2615 965 2644 9
