1880 3032
634 237 683 261 nn
706 237 836 274 nmen
861 236 902 261 m
927 235 1148 262 messmam.
1528 225 1575 260 19

213 347 216 351 ⁴
209 332 321 370 1—4.
347 332 409 376 (ad
425 331 706 383 Messalinum:
733 332 821 369 «Ille
847 332 982 380 domus
1007 334 1137 372 vestrm
1152 330 1294 382 primis
1319 338 1505 378 venerator
1530 331 1577 370 ab

204 389 331 439 annis,
359 391 494 440 Pulsus
519 392 567 428 ad
592 391 730 428 Euxini
754 392 852 439 Naso
878 391 1026 438 sinistra
1051 392 1146 434 freti,
1164 391 1289 437 Mittit
1313 393 1359 427 ab
1386 392 1577 432 indomitis

209 450 319 498 hanc,
346 449 554 499 Messaline,
589 438 760 492 salutem,
788 450 909 495 Quam
944 449 1077 486 solitus
1105 460 1275 497 praesens
1297 452 1353 486 est
1376 449 1446 486 tibi
1470 451 1577 492 ferre,

205 496 352 556 Getis».
369 527 427 536 ·—
437 507 506 559 hac
528 495 674 559 patria,
677 510 818 550 Roma.
837 509 928 555 urbe
953 508 1206 555 pulcherrima
1231 510 1268 545 et
1293 508 1577 551 iucundissima;

205 567 342 604 eadem
369 554 553 614 sententia
578 567 678 615 apud
706 567 812 604 Ovid.
838 567 946 603 Trist.
972 568 1002 603 Ι.
1021 568 1056 610 5,
1075 568 1171 603 66-
1176 568 1245 604 70.
1277 569 1325 603 uA
1350 566 1476 615 patria
1502 569 1578 614 fugi

208 626 330 673 victus
366 628 403 663 et
438 627 522 666 exul
557 638 643 674 ego:
672 627 747 663 Nec
782 626 876 662 mihi
900 626 1137 671 Dulichium·
1155 627 1288 664 domus
1325 629 1380 663 est
1404 627 1575 663 Ithaceve

206 686 397 728 Samosve,
423 686 538 723 Poena
573 687 708 735 quibus
744 699 821 723 non
858 688 914 722 est
937 686 1090 733 grandis
1113 687 1240 723 abesse
1266 686 1368 730 locis,
1397 686 1470 722 Sed
1497 698 1577 733 quae

206 746 257 794 de
293 748 435 792 septem
471 749 593 794 totum
631 746 880 793 circumspicit
906 747 1033 783 orbem
1059 746 1262 791 Montibus,
1289 747 1435 793 imperii
1460 744 1579 784 Roma

207 805 412 852 deumque,
429 806 577 843 decus».
1018 837 1020 839 .
1160 817 1163 820 ⁴

331 865 374 901 V.
399 865 561 913 45-48.
598 862 843 903 Immoderata
874 865 976 916 pati,
991 864 1068 903 iam
1090 863 1236 915 friyora
1262 865 1405 916 iamque
1431 864 1577 910 calores,

207 936 257 960 ex
283 923 462 971 Catalept.
488 924 731 970 Pseudoverg.
758 925 858 961 XIII.
887 928 932 963 3:
963 926 1058 969 §Nec
1085 926 1178 961 ferre
1205 926 1342 961 durum
1367 925 1482 970 frigus
1513 928 1579 960 aut

210 985 345 1020 aestum
380 983 495 1030 pati».
521 1003 569 1010 —
585 982 748 1032 friyora‚
785 984 838 1020 ita
872 984 1074 1021 rectissime
1104 984 1304 1021 Vossianus
1330 997 1367 1020 n.
1396 985 1476 1027 78.;
1514 984 1580 1020 alii

206 1042 378 1088 codices:
413 1040 547 1081 sidera.
574 1064 623 1068 —
649 1041 822 1085 Sternere,
859 1056 970 1080 sensu
1007 1044 1241 1080 intransitivo
1275 1056 1343 1090 pro
1370 1055 1405 1080 se
1429 1048 1579 1081 sternere

206 1103 270 1139 *vel
295 1101 435 1140 sterni?
460 1102 583 1138 Huius
609 1103 890 1148 significationis
908 1103 1055 1139 nullum
1073 1103 1174 1150 apud
1192 1103 1387 1149 scriptores
1404 1103 1577 1149 antiquos

207 1163 331 1198 exsta-t
356 1162 575 1208 exemplum.
603 1162 728 1198 Editio
753 1162 889 1198 Aldina
914 1161 963 1198 ΙΙ.
990 1162 1158 1198 exhibet:
1185 1159 1359 1207 Stertere;
1396 1162 1580 1208 significat

207 1222 340 1258 autem
375 1226 513 1258 stertere
548 1220 758 1257 interdum:
798 1221 872 1257 alto
898 1231 1030 1257 somno
1057 1220 1239 1263 dormire;
1267 1221 1313 1256 cf.
1339 1222 1484 1257 Lucret.
1511 1220 1577 1257 III.

218 1281 360 1317 1045-
367 1281 483 1316 1046:
516 1280 609 1324 «Qui
635 1292 767 1316 somno
792 1282 936 1326 partem
961 1280 1140 1316 maiorem
1165 1280 1323 1316 conteris
1341 1280 1408 1315 aevi
1424 1278 1474 1315 Et
1489 1280 1577 1326 vigi-

214 1340 299 1375 lans
324 1337 443 1389 stertis
468 1350 536 1374 nec
554 1339 700 1374 somnia
716 1349 863 1385 cernere
882 1350 1020 1374 cessas»
1027 1339 1244 1380 5Ammian.
1262 1338 1424 1374 Marcell.
1438 1339 1497 1381 27,
1515 1340 1579 1374 1⁶2:

220 1397 374 1445 «quibus
388 1397 566 1444 (Virgiliis)
579 1397 626 1433 ob
639 1397 881 1433 securitatem
899 1397 1028 1433 altiore
1045 1396 1203 1435 stertitur
1219 1407 1371 1433 somno»
1402 1418 1450 1423 —
1463 1394 1579 1463 Saepe

208 1463 347 1497 trucem
373 1454 522 1494 adverso
541 1454 690 1506 perlabi
714 1454 830 1494 sidere
853 1461 1016 1507 pontum,
1034 1455 1158 1506 Saepe
1178 1468 1278 1495 mare
1303 1454 1472 1494 audendo
1497 1456 1577 1495 vin-

207 1528 303 1562 cere,
325 1526 431 1567 saepe
456 1513 617 1565 hiemem,
644 1517 801 1564 scriptor
825 1517 983 1564 respexit
1008 1517 1142 1564 Paneg.
1169 1517 1208 1553 in
1234 1516 1343 1553 Mess.
1365 1517 1575 1554 193—195:

218 1578 308 1614 «Pro
334 1579 370 1613 te
395 1576 455 1612 vel
479 1575 633 1613 rabidas
659 1576 780 1613 ausim
801 1577 913 1612 maris
930 1577 982 1612 ire
1000 1588 1066 1623 per
1082 1577 1214 1620 undas,
1230 1574 1405 1614 Adversis
1423 1575 1575 1614 hiberna

211 1637 299 1673 licet
333 1637 503 1672 tumeant
536 1636 629 1671 freta
654 1635 812 1672 ventis».
838 1656 887 1660 ——
913 1640 1047 1672 trucem
1074 1663 1083 1672 .
1112 1663 1120 1671 .
1149 1662 1159 1671 .
1180 1640 1346 1685 pontum,
1374 1647 1416 1671 ex
1442 1635 1576 1672 Catull.

209 1697 273 1741 64,
315 1696 405 1732 174:
450 1695 575 1741 «ponti
610 1695 863 1731 truculentum
899 1707 1061 1742 aequor».
1087 1716 1137 1720 —
1166 1696 1313 1732 adverso
1341 1724 1349 1732 .
1378 1723 1386 1732 .
1415 1723 1425 1732 .
1450 1693 1575 1739 sidere,

208 1755 345 1793 alienis
380 1754 416 1798 (i.
444 1765 475 1789 e.
502 1754 679 1798 hibernis)
715 1755 917 1797 mensibus,
955 1766 1040 1790 cum
1077 1765 1218 1791 cessare
1255 1755 1348 1790 solet
1378 1755 1575 1801 navigatio.

208 1815 267 1852 cf.
285 1815 391 1860 Verg.
411 1814 502 1850 Aen.
520 1813 582 1849 IV.
602 1814 695 1851 309:
719 1814 839 1859 «Quin
866 1814 978 1851 etiam
1004 1811 1152 1852 hiberno
1177 1814 1318 1850 moliris
1343 1812 1458 1852 sidere
1485 1815 1575 1851 clas-

207 1873 328 1911 semn'.
355 1894 404 1898 —-
424 1870 585 1922 perlabi,
612 1873 665 1910 ita
689 1874 802 1909 editio
827 1873 963 1909 Aldina
988 1874 1058 1916 II.;
1089 1873 1253 1910 codices:
1274 1872 1477 1923 perlabens.

333 1933 375 1985 V.
402 1933 562 1969 49-50,
599 1929 714 1983 Saepe
738 1931 847 1970 etiam
872 1930 999 1971 densos
1024 1931 1211 1971 immittere
1236 1943 1364 1982 corpus
1389 1933 1430 1970 in
1454 1931 1576 1978 hostes,

207 2006 258 2029 ex
274 1993 349 2029 Cic.
367 1993 474 2027 Tusc.
492 1992 558 2027 III.
577 1992 647 2028 48:
679 1992 738 2027 «in
764 1992 907 2028 medios
933 1992 1058 2028 hostes
1085 2003 1123 2027 se
1148 1992 1365 2027 immittere»
1389 1994 1426 2027 et
1442 1993 1577 2039 Paneg.

212 2053 253 2089 in
269 2051 380 2088 Mess.
403 2051 617 2088 195—196:
651 2051 729 2087 «vel
754 2048 876 2088 densis
901 2051 1002 2087 solus
1027 2050 1225 2087 subsistere
1251 2051 1384 2087 turmis
1401 2051 1469 2088 Vel
1493 2064 1576 2099 pro-

210 2124 306 2148 num
331 2112 491 2147 Aetnaeae
527 2121 655 2159 corpas
692 2109 909 2148 committere
930 2110 1126 2146 flammae».
1153 2130 1203 2135 —
1230 2108 1464 2147 Communem
1494 2108 1579 2155 belli

208 2180 275 2209 uec
299 2166 507 2207 ‘memini-sse
532 2166 649 2211 deum,
676 2168 777 2205 hunc
802 2170 928 2205 locum
953 2169 1110 2216 respexit
1126 2171 1256 2209 auctor
1273 2168 1366 2206 Ciris
1384 2181 1437 2205 vs-
1455 2169 1578 2206 358—-

213 2231 307 2267 359:
339 2230 467 2266 «Nunc
492 2231 647 2265 tremere
673 2229 852 2274 instantis
873 2229 961 2265 belli
987 2229 1190 2265 certamina
1215 2229 1305 2265 dicit
1319 2229 1577 2266 Communem-

207 2301 284 2337 que
310 2289 439 2326 timere
466 2288 615 2325 deum».
643 2288 698 2325 Cf.
715 2288 827 2325 Hom.
845 2288 889 2326 11.
907 2288 1039 2327 XVIII.
1059 2289 1152 2326 309:
1179 2289 1276 2330 ξυνὸς
1305 2287 1496 2334 Ἐνυάλιος,
1517 2291 1578 2327 καί

211 2364 248 2390 τε,
281 2353 466 2386 κτανέοντα
502 2352 671 2390 κατέκτας
703 2348 778 2386 Cic.
804 2348 923 2395 Epist.
947 2349 1010 2385 VI.
1036 2351 1071 2392 4,
1101 2350 1137 2384 1:
1170 2349 1320 2385 «Omnis
1357 2349 1444 2385 belli
1479 2349 1577 2385 Mars

208 2408 422 2446 communis
449 2410 550 2450 est-3
576 2407 656 2444 Liv.
681 2407 797 2444 XXX.
820 2409 893 2445 30·
920 2408 1034 2446 «vires
1059 2401 1218 2445 fortun'ae
1235 2407 1465 2455 Martemque
1491 2408 1577 2445 belli

208 2479 453 2505 communem
478 2479 644 2514 propone
671 2467 834 2504 animo».
855 2487 905 2493 —
922 2478 995 2511 nec,
1023 2480 1066 2504 ex
1092 2467 1254 2504 editione
1280 2468 1422 2504 Aldina·
1439 2468 1490 2510 1.;
1517 2479 1577 2505 co·

209 2526 335 2563 dices:
362 2537 447 2564 non.
474 2547 524 2552 —
548 2524 764 2570 meminisse,
790 2526 1002 2573 respexisse.

878 2596 914 2625 19
1419 2595 1457 2624 2*
