1880 3032
641 214 691 239 nn
716 212 847 238 imum
871 215 913 239 m
938 214 1159 239 menum.
1540 204 1589 239 17

177 351 180 354 ,
215 309 363 357 Oraque
401 309 557 349 Pisaeae
595 311 805 347 sustinuere
844 312 975 347 fores».
1006 331 1055 336 —-
1081 311 1259 361 sanquine
1287 309 1405 361 fluxit
1443 310 1587 355 lemnus,

216 368 384 412 madum
416 370 462 406 cf.
488 371 594 416 Verg.
621 373 712 408 Aen.
739 370 803 406 II-I.
834 371 1052 407 625—626:
1084 370 1279 417 «sanieque
1305 382 1454 417 aspersa
1479 373 1589 406 nata-⁷

219 430 306 465 rent
328 429 489 472 Limina,
515 429 591 466 vidi
616 433 697 466 atro
724 442 808 466 cum
835 431 1000 466 membra
1017 424 1178 480 fluentia
1204 431 1328 466 tabo».

338 489 382 525 V.
410 489 566 527 33—34.
594 488 712 539 Reqia
728 519 736 527 .
765 519 774 527 .
803 518 811 527 .
840 485 985 532 Semele,
1012 488 1154 533 Cadmi,
1182 490 1276 536 regis
1295 490 1470 532 Thebani,
1496 489 1594 532 filia,

216 549 353 585 Bacchi
378 560 421 585 ex
445 550 531 586 Iove
557 553 685 586 mater.
704 571 752 575 —
771 547 922 588 Inachis
948 548 1147 591 Acrisa'one,
1175 550 1314 592 Danae,
1331 549 1460 585 Acrisii
1486 549 1583 593 filia;

219 606 370 645 Inachis
406 609 453 645 ab
478 610 629 648 Inacho,
657 610 787 646 Acrisii
821 621 971 657 proavo.
999 630 1048 634 —
1075 607 1279 650 Acrisione,
1317 609 1415 655 quod
1447 620 1586 645 nomen

216 668 514 715 patronymicum
542 671 701 706 occurrit
726 671 801 705 iam
831 671 941 706 Hom.
969 670 1012 706 Il.
1040 670 1134 705 XIV.
1163 670 1256 705 319:
1301 669 1440 717 Δανάης
1465 670 1584 705 καλλι-

218 730 349 776 σφύρου
367 727 598 778 Ἀκρισιώνης.
617 751 665 755 -
685 728 866 767 Immitem
888 734 1051 779 expertae
1066 727 1233 777 fulmine
1260 734 1292 765 et
1320 727 1432 765 imbre
1451 726 1584 767 Iovem.

219 787 388 834 Iuppiter
414 789 573 824 crudelis
601 792 680 825 erat
705 790 743 825 in
771 792 986 835 utramque:
1015 800 1103 824 nam
1129 788 1273 824 Semele
1304 789 1422 824 oravit
1446 788 1592 829 Iovem„

217 847 260 881 ut
296 845 506 892 insignibus
541 846 745 884 divinitatis
776 849 929 884 ornatus
955 847 1003 883 ad
1030 858 1068 883 se
1095 847 1257 888 veniret,
1275 846 1374 893 quod
1402 858 1487 882 cum
1513 846 1582 882 im·

217 907 408 952 patrasset,
445 905 519 943 ieta
553 908 609 943 est
645 907 811 949 fulmine,
849 907 948 954 quod
986 907 1076 942 deus
1103 907 1230 942 dextra
1256 907 1400 949 tenuit3
1426 907 1586 942 Danaen

218 966 342 1001 autem
369 965 409 1001 in
433 965 524 1002 turri
543 976 659 1003 aenea
685 967 848 1002 clausam
874 967 912 1002 in
940 966 1096 1002 imbrem
1123 977 1276 1002 aureum
1302 967 1468 1002 mutatus
1491 965 1586 1002 adiit

217 1024 393 1071 Iuppiter,
434 1037 516 1061 eam
552 1028 689 1069 tamen,
726 1028 922 1073 postquam
948 1026 1122 1062 Perseum
1159 1026 1311 1072 peperit,
1350 1038 1372 1061 a
1397 1028 1499 1072 patre
1526 1026 1582 1061 in-

220 1083 363 1119 clusam
389 1094 474 1120 arca
498 1084 538 1120 in
565 1096 666 1120 mare
692 1085 912 1131 praecipitari
937 1096 1069 1131 passus
1095 1086 1160 1120 est.
1198 1083 1249 1119 Cf.
1278 1084 1381 1120 Ovid.
1409 1086 1491 1119 Am.
1517 1084 1585 1119 111.

221 1142 255 1182 3,
283 1141 451 1179 37—-382
483 1141 647 1179 «Semele
683 1144 901 1179 miserabilis
936 1143 1045 1179 arsit:
1074 1142 1204 1179 Officio
1232 1145 1286 1179 est
1311 1143 1366 1178 illi
1391 1154 1503 1190 poena
1528 1153 1586 1178 re·

218 1201 322 1246 perta
359 1211 459 1237 suom
490 1221 539 1225 —
565 1199 757 1244 Immitem,
798 1213 840 1237 ex
879 1202 1139 1237 emendatione
1179 1202 1331 1237 editoris
1365 1201 1585 1237 Oxoniensis

219 1259 367 1302 (Parker
396 1260 523 1305 1889„
554 1260 698 1297 codices
729 1261 888 1298 habent:
914 1258 1039 1298 inmiti
1064 1263 1130 1296 aut
1154 1258 1304 1298 inmitti.
1331 1281 1379 1285 —
1405 1264 1582 1310 expertae,

220 1319 433 1356 emendavit
458 1319 637 1366 Scaliger3
675 1321 714 1356 in
742 1321 950 1357 codicibus:
981 1324 1142 1369 expectat
1167 1323 1234 1356 aut
1258 1325 1454 1370 expectant,
1481 1319 1582 1366 quod

220 1388 330 1414 sensu
358 1380 469 1414 caret.

335 1438 378 1474 V.
398 1439 556 1475 35—38.
582 1437 685 1476 cuius
711 1437 753 1476 ob
779 1443 926 1489 raptum
938 1436 1044 1489 pulsi
1060 1437 1192 1489 liquere
1205 1443 1356 1487 penates
1372 1436 1582 1489 Tarquinii,

218 1498 400 1541 Lucretia,
427 1499 532 1535 cuius
558 1499 748 1536 mentione
773 1502 882 1546 poeta
907 1499 1105 1535 transitum
1131 1500 1237 1545 parat
1262 1498 1310 1534 ad
1336 1509 1447 1534 avum
1464 1498 1594 1543 gentis

218 1557 383 1601 Valeriae,
420 1558 662 1601 Publicolam,
699 1570 819 1594 unum
856 1570 899 1594 ex
933 1558 1195 1595 liberatoribus
1229 1558 1369 1604 patriae.
1396 1578 1444 1583 -
1470 1556 1583 1599 cuius,

218 1615 338 1661 prima
364 1616 505 1663 syllaba
531 1619 720 1663 correpta3
747 1617 975 1653 archaismus
998 1617 1188 1653 metricus.
1217 1617 1271 1653 Cf.
1290 1618 1435 1652 Lucret.
1450 1617 1478 1652 I.
1497 1617 1584 1652 149:

226 1675 472 1723 «Principium
498 1674 603 1713 cuius
629 1676 717 1713 hinc
743 1677 850 1713 nobis
868 1677 1015 1713 exordia
1032 1679 1185 1713 sumet.»
1208 1676 1508 1723 Monosyllabum
1530 1677 1586 1711 est

219 1733 323 1773 cuius
348 1736 448 1782 apud
474 1737 622 1772 Lucret.
649 1737 711 1772 IV.
741 1738 856 1773 1065:
889 1737 1065 1783 «Unaque
1091 1747 1149 1772 res
1175 1736 1254 1772 haec
1279 1738 1345 1779 est,
1372 1734 1475 1773 cuius
1499 1746 1583 1781 pro·

220 1804 332 1839 quam
361 1794 524 1840 plurima
550 1795 763 1830 habemus.»
795 1816 844 1820 —
866 1793 982 1844 filius,
1009 1795 1141 1831 Sextus
1167 1796 1400 1841 Tarquinius,
1428 1794 1585 1841 Superbi

219 1851 330 1894 filius,
368 1852 432 1898 qui
457 1853 637 1889 Lucretiae
663 1854 738 1889 vim
764 1854 902 1890 attulit.
928 1874 979 1878 ——
1003 1851 1181 1903 superbos,
1218 1853 1352 1890 alludit
1376 1854 1423 1889 ad
1450 1864 1584 1898 cogno·

219 1922 305 1948 men
331 1911 531 1959 Tarquinii.
554 1932 602 1938 —
615 1911 788 1962 placidis,
815 1913 978 1959 legitime
1005 1916 1041 1950 et
1067 1914 1268 1950 clementer
1292 1925 1370 1949 rem
1395 1913 1586 1960 publicam

220 1972 525 2017 gubernantibus·

339 2030 380 2067 V.
402 2031 560 2068 39—40‚
587 2028 724 2075 Multa,
743 2041 853 2081 neque
878 2030 1081 2077 immeritis,
1099 2029 1249 2069 donavit
1272 2029 1440 2081 praemia
1465 2028 1583 2068 alum-

221 2089 290 2134 nis,
317 2088 492 2129 Praemia
519 2089 704 2130 Messallis
731 2090 894 2129 maxima
912 2089 1124 2135 Publicolis,
1152 2091 1306 2138 scriptor
1332 2103 1354 2127 a
1379 2091 1584 2127 maioribus

220 2151 399 2187 Messallae
435 2151 482 2187 ad
517 2151 729 2187 Messallam
765 2151 887 2198 ipsum
923 2151 1121 2187 transitum
1160 2161 1296 2197 parans
1337 2152 1422 2186 ante
1459 2150 1591 2187 oculos

220 2210 353 2247 habuit
387 2211 461 2247 Cic.
488 2223 554 2258 pro
581 2211 727 2247 Valerio
752 2211 886 2246 Flacco
916 2212 960 2254 1.,
997 2210 1063 2246 ubi
1099 2210 1144 2246 de
1180 2212 1288 2256 gente
1315 2210 1462 2246 Valeria
1495 2209 1584 2255 legi-

222 2281 328 2306 mus:
362 2269 489 2314 cQuod
517 2270 616 2306 enim
644 2271 741 2306 esset
762 2268 968 2319 praemium
995 2268 1195 2316 dignitatis,
1223 2269 1322 2316 quod
1339 2268 1500 2316 populus
1513 2269 1592 2305 Ro*

221 2340 354 2364 manus
381 2340 467 2364 cum
493 2329 604 2365 huius
630 2329 833 2365 maioribus
859 2339 1004 2375 semper
1030 2329 1232 2370 detulisset,
1260 2328 1348 2364 huie
1376 2328 1583 2373 denegaret,

222 2398 308 2423 cum
332 2388 374 2423 L.
393 2387 548 2424 Flaccus
573 2390 734 2425 veterem
751 2388 904 2424 Valeriae
930 2387 1051 2433 gentis
1076 2388 1116 2423 in
1141 2387 1335 2424 liberanda
1359 2387 1479 2434 patria
1504 2387 1586 2422 lau-

222 2447 307 2483 dem
323 2458 437 2493 prope
456 2447 750 2493 quingentesimo
772 2457 871 2483 anno
889 2446 1101 2493 reipublicae
1118 2446 1365 2482 rettulissetP»
1384 2467 1432 2471 —
1447 2440 1586 2488 Multa,

223 2515 332 2554 neque
357 2504 557 2549 immeritis,
585 2503 735 2543 donavit
759 2503 939 2554 praemia,
966 2508 1009 2541 ut
1029 2506 1136 2551 Verg.
1155 2505 1271 2542 Catal.
1290 2505 1326 2548 4,
1345 2506 1461 2541 5—6:
1496 2505 1591 2542 «Cui

281 2592 360 2610 ΑιΑυ.
376 2587 434 2610 tar.
450 2592 466 2608 A
480 2591 574 2609 nuv-
590 2587 618 2610 is
633 2586 753 2611 πάντα».
769 2586 897 2609 tonsam..
913 2591 965 2610 xxi.
981 2587 1040 2609 xor.
1059 2586 1081 2609 1.
1097 2592 1134 2609 η.
1448 2574 1466 2603 2
