1880 3032
680 224 728 248 mi·
752 223 884 251 numu
908 224 949 248 m
974 223 1196 262 missuum.
1602 213 1623 249 7

494 319 597 359 Adde,
616 319 703 358 quod
723 321 772 349 est
793 320 923 350 animus
943 328 1072 357 semper
1091 319 1152 349 tibi
1172 319 1266 349 mitis'
1285 321 1409 350 et'sltae
1459 319 1464 323 '
1519 320 1522 324 '

535 368 700 399 Indicium
720 378 828 398 mores
848 368 1029 401 nobilitatis
1049 368 1180 404 habent,

497 418 585 455 Quos
612 415 730 448 Volesus
749 414 848 456 pierii
867 413 1026 456 coynoecat
1045 417 1187 447 nominis
1208 419 1328 454 auctor,

536 468 623 504 Quos
644 468 753 498 Numa
772 469 940 502 maternus
959 476 1023 505 non
1041 472 1127 507 παρετ
1146 476 1207 498 esse
1225 477 1302 499 suos.

255 579 309 584 -
326 558 387 594 Vs.
407 557 448 592 2:
480 556 622 592 «Pauca
638 556 732 593 mihi
758 556 875 592 doctae
901 553 1009 592 dicite
1035 553 1246 604 Peqasides·
1277 557 1324 592 ad
1350 557 1504 594 verbum
1520 568 1626 604 paene

259 615 460 663 respondet
478 615 581 652 Ovid.
600 615 753 652 Heroid.
776 615 832 659 15,
851 615 921 651 27:
952 616 1020 651 «At
1045 614 1139 650 mihi
1164 612 1359 662 Peyasides
1384 614 1629 653 blandissima

255 676 426 713 carmina
452 675 628 711 dictant».
656 695 704 700 -—
732 675 812 711 Vse.
841 676 1006 712 17—18:

500 767 635 799 Molliter
655 768 709 798 hic
730 767 827 798 viridi
847 768 966 807 pstulae
988 768 1047 798 sub
1068 769 1210 807 tegmine
1233 778 1369 807 quercus

538 818 657 847 Moeris
678 819 825 855 pastores
846 818 879 846 et
899 817 1067 847 Meliboeus
1087 823 1185 854 erant,

260 912 400 951 locutio
426 908 581 949 molliter
605 923 677 949 esse
702 911 802 958 apud
838 910 1013 948 Ovidium
1049 912 1171 947 solum
1206 912 1394 949 invenitur
1425 912 1538 949 Trist.
1566 910 1628 951 1V.

257 973 297 1014 8,
324 971 437 1007 5—8:
1313 970 1319 974 ’
1622 977 1629 979 “

500 1010 592 1039 Nunc
613 1010 693 1047 erat,
713 1010 750 1039 ut
770 1009 876 1048 posito
899 1008 1047 1039 deberem
1067 1009 1132 1039 fine
1153 1010 1300 1039 laborum

537 1058 653 1088 Vivere
674 1068 726 1088 me
747 1058 837 1089 nullo
859 1058 1054 1089 sollicitante
1075 1061 1173 1096 metu,

500 1109 637 1147 Quaeque
659 1118 737 1138 meae
759 1117 887 1146 semper
906 1108 1098 1147 placuerunt
1120 1109 1188 1152 otis
1208 1109 1319 1144 menti,

539 1159 677 1195 Carpere
699 1160 730 1186 et
750 1158 785 1186 in
807 1157 923 1186 studiis
944 1157 1075 1187 molliter
1094 1166 1151 1188 esse
1168 1158 1261 1189 meis.

260 1270 310 1292 -ε
336 1250 416 1286 Vss.
445 1248 603 1284 31—32.
631 1248 676 1284 de
702 1232 955 1296 Hippodame,>
978 1248 1159 1285 Oenomai
1183 1249 1280 1285 filia:

499 1329 595 1369 Saepe
615 1331 758 1359 animam
779 1329 892 1367 generi
911 1337 970 1367 pro
992 1338 1056 1366 qus
1075 1330 1169 1368 pater
1189 1329 1309 1371 impius
1330 1330 1450 1366 hausit,
1484 1326 1487 1327 ⁷

540 1379 634 1419 Saepe
654 1379 752 1409 rubro
773 1379 860 1409 Eleis
881 1379 1033 1418 sanquine
1043 1377 1146 1418 flua-it
1167 1378 1285 1409 humus.

261 1465 442 1503 Similiter
468 1464 617 1512 attingit
642 1464 739 1501 hanc
765 1463 931 1500 fabulam
958 1463 1062 1501 Ovid.
1090 1464 1144 1500 Ib.
1173 1463 1390 1501 367—368:

501 1549 544 1578 Ut
566 1549 621 1586 qui
638 1546 799 1587 perfusam
819 1547 1014 1577 miserorum
1035 1556 1121 1587 saepe
1141 1557 1312 1586 procorum

541 1598 617 1637 Ipse
639 1606 697 1627 suo
718 1597 835 1628 melius
856 1596 1006 1636 sanquine
1025 1596 1121 1628 tinxit
1141 1597 1276 1628 humum.

263 1709 314 1716 —
338 1690 419 1726 Vss.
447 1688 595 1725 43—44
609 1702 618 1725 ε

503 1772 616 1801 Castra
637 1771 707 1801 foro
727 1772 835 1807 toties,
856 1772 930 1801 urbi
951 1780 1138 1810 praeponere
1159 1773 1274 1807 eastra,
1464 1803 1469 1807 ,

541 1821 621 1850 Tam
642 1821 755 1859 procul
775 1821 836 1850 hoc
857 1822 965 1858 gusto,
985 1822 1053 1850 tam
1073 1821 1187 1859 procul
1207 1820 1266 1851 hac
1284 1819 1401 1859 patria,

266 1934 343 1960 non
368 1922 492 1959 solum
517 1920 708 1957 Messalini
733 1921 876 1960 mentio
895 1919 1016 1957 Ovidii
1033 1931 1103 1957 nos
1121 1919 1417 1964 commonefacit,
1435 1921 1499 1957 sed
1518 1920 1630 1959 etiam

267 1982 318 2027 id,
345 1981 446 2029 quod
471 1981 517 2017 de
543 1981 639 2017 urbe·
658 1982 778 2017 Rome.
803 1980 864 2016 hic
889 1980 1060 2025 legitime,
1085 1983 1237 2026 prorsus
1263 1979 1487 2017 Ovidianum
1505 1983 1570 2026 est,
1589 1983 1635 2018 ut

263 2053 311 2079 ex
336 2040 444 2079 Trist.
475 2040 504 2079 Ι.
531 2041 565 2084 5,
593 2040 752 2076 66—70.
780 2040 919 2076 elucet:

542 2117 572 2148 A
587 2116 700 2156 patria
720 2117 789 2155 iugi
809 2116 914 2146 victus
935 2118 967 2146 et
987 2116 1060 2146 exul
1081 2125 1158 2154 ego:

503 2168 569 2198 Nec
591 2166 674 2197 mihi
695 2165 885 2196 Dulichium
906 2165 1022 2196 domus
1044 2167 1093 2195 est
1113 2165 1263 2196 Ithaceve
1285 2166 1446 2203 Samosve,

543 2218 652 2247 Poena
673 2216 790 2253 quibus
811 2225 877 2245 non
899 2215 1102 2256 eet'grsndis
1124 2216 1235 2245 abesse
1257 2216 1346 2251 loeis,

507 2267 569 2297 Sed
591 2275 660 2303 quae
682 2265 721 2295 de
743 2266 868 2303 septem
888 2265 995 2294 totum
1017 2264 1238 2303 circumspicit
1258 2265 1368 2295 orbem

547 2315 722 2352 Montibus,
743 2313 874 2353 imperii
894 2312 995 2344 Roma
1016 2314 1175 2352 deumque
1197 2314 1303 2345 decus.

267 2417 318 2426 --
344 2399 424 2435 Vss.
452 2398 621 2435 59-60:

743 2496 752 2506 .
767 2497 775 2505 .
790 2495 799 2505 .
813 2476 920 2504 tecum
941 2451 1103 2503 finxerunt
1124 2472 1270 2502 carmina
1289 2471 1364 2506 divi,

548 2525 708 2564 Cynthius
729 2525 761 2554 et
782 2524 892 2560 Musae,
914 2521 1057 2554 Bacchus
1077 2523 1108 2552 et
1128 2522 1251 2560 Aglaie,

944 2582 960 2611 7
