1880 3032
279 188 301 229 (3
706 228 709 230 ,
807 196 919 220 carza
945 188 1130 225 nnumin.
1178 224 1181 229 ,

398 295 506 331 Unde
534 293 777 329 Messalinum
804 305 881 329 non
908 294 1031 329 solum
1067 294 1230 330 amicum
1266 294 1399 337 Ovidii,
1435 293 1502 330 sed
1537 294 1651 330 etiam

277 355 499 401 scriptorum
514 353 605 395 eius,
620 355 771 399 excepta
783 353 871 388 Arte
886 353 1086 396 Amatoria,
1102 352 1366 390 admiratorem
1384 353 1497 389 fuisse
1515 353 1649 390 elucet.

396 413 499 459 Inter
524 412 689 463 carmina
715 411 846 455 Ovidii,
876 424 956 459 quse
983 414 1130 448 aetatem
1166 412 1345 456 tulerunt,
1384 412 1532 449 nullum
1568 413 1647 460 qui·

280 473 366 509 dem
394 473 449 508 est
485 471 532 507 ad
568 470 781 508 Messallam
817 472 885 507 aut
920 471 965 506 de
1001 470 1176 507 Messalla
1212 471 1403 518 scriptum,
1440 471 1505 508 sed
1539 473 1650 518 poeta

277 535 403 579 aperte
431 531 520 566 dicit
545 530 662 577 Epist.
691 543 733 566 ex
759 530 865 567 Pont.
893 530 922 566 Ι.
950 532 984 566 7.
1012 542 1050 566 se
1076 530 1121 566 in·
1142 533 1300 567 mortem
1326 529 1506 567 Messallae
1531 531 1648 578 epice—

275 592 382 627 dium
410 590 662 637 composuisse
689 593 772 633 (vss.
801 590 961 627 29—-30.
988 590 1035 626 ad
1061 590 1337 634 Messalinum):

518 669 578 698 Cui
598 678 657 698 nos
680 671 711 698 et
733 669 895 704 lacrimas,
917 678 1108 706 supremum
1128 669 1164 698 in
1185 668 1297 698 funere
1318 677 1449 704 munus,

556 719 597 747 Et
619 718 767 747 dedimus
788 718 895 747 medio
918 717 1039 756 scripta
1060 718 1204 749 canenda
1224 717 1304 747 foro.

396 800 493 844 Ergo
521 798 633 833 etiam
660 797 730 833 hoc
758 799 934 844 tempore,
961 800 1004 833 nt
1029 798 1083 833 ita
1119 798 1251 840 dicam,
1289 797 1516 833 domesticus
1551 797 1646 833 Mes-

274 858 454 895 sallarum
479 858 589 904 poeta
616 859 694 892 erat
720 856 886 894 Ovidius.

397 917 496 962 Quin
523 917 635 952 etiam
661 919 925 961 argumentum
952 917 1065 952 huius
1092 917 1216 962 elegiae
1243 917 1327 952 talis
1354 919 1419 959 est,
1438 918 1481 952 ut
1498 916 1647 962 ingenio

275 977 399 1013 Ovidii
434 976 494 1011 vel
529 975 687 1011 maxime
723 976 957 1022 respondeat.
1001 977 1114 1011 Poeta
1157 976 1257 1011 enim
1295 976 1334 1011 in
1374 976 1444 1011 hoc
1483 975 1647 1011 carmine

274 1035 496 1084 triumphali
531 1046 652 1082 pauca
678 1037 827 1071 tantum
853 1035 965 1071 verba
992 1035 1079 1072 facit
1105 1035 1150 1070 de
1176 1034 1368 1082 triumpho
1394 1046 1526 1082 resque
1552 1034 1647 1071 Mes-

274 1098 375 1134 sallae
402 1096 555 1132 bellicas
581 1107 628 1130 ne
655 1095 835 1140 attingere
863 1096 1013 1141 quidem
1040 1108 1078 1131 se
1106 1096 1242 1131 audere
1261 1095 1361 1137 dicit,
1380 1095 1444 1131 sed
1462 1096 1646 1133 fautorem

274 1168 386 1192 suum
414 1167 456 1190 ex
482 1154 579 1190 bello
607 1153 864 1189 cruentissimo
890 1154 1110 1190 redeuntem
1147 1154 1308 1190 celebrat
1344 1154 1552 1190 carminum
1579 1154 1645 1190 bu-

273 1216 473 1254 colicorum
500 1215 710 1250 auctorem!
746 1213 879 1250 Nonne
906 1214 1164 1260 dignissimum
1201 1215 1258 1250 est
1293 1214 1365 1251 hoc
1402 1214 1532 1251 Ovidio
1568 1214 1644 1258 illo,

273 1276 339 1321 qui
362 1275 518 1309 heroum
546 1274 643 1308 facta
669 1284 863 1318 nunquam
890 1274 1052 1319 suscepit
1077 1273 1308 1316 celebranda,
1336 1274 1397 1309 cui
1419 1274 1514 1308 «iam
1531 1285 1644 1319 parvo

273 1334 435 1371 caelestia
472 1344 577 1369 sacra
614 1330 813 1378 placebant
851 1331 965 1378 inque
1005 1343 1113 1368 suum
1155 1332 1285 1369 furtim
1327 1331 1435 1369 Musa
1475 1331 1646 1369 trahebat

271 1392 435 1440 opus-st)
468 1392 533 1438 qui
559 1394 596 1426 et
622 1392 758 1426 forensi
785 1394 821 1426 et
846 1392 987 1426 bellicae
1017 1392 1154 1437 gloriae,
1180 1392 1333 1428 monitis
1357 1392 1473 1438 patris
1500 1392 1643 1438 spretis,

274 1456 420 1491 mature
446 1451 649 1499 praeposuit
681 1451 827 1487 «Aoniae
855 1452 937 1487 tuta
964 1448 1106 1495 otia»,¹)
1133 1463 1244 1498 seque
1271 1451 1341 1488 arti
1364 1451 1518 1498 poeticae
1551 1451 1644 1488 adeo

272 1513 425 1555 dedidit,
450 1514 497 1548 ut
521 1513 654 1558 praeter
680 1522 763 1546 eam
790 1510 885 1546 nihil
911 1512 986 1547 ‚fere
1023 1513 1119 1547 recte
1146 1512 1327 1547 aestimare
1352 1512 1524 1558 potuerit.

392 1574 574 1610 Praeterea
600 1574 636 1608 et
662 1571 823 1608 elocutio
850 1571 1025 1608 carminis
1062 1573 1100 1608 et
1136 1572 1328 1608 sententiae
1364 1573 1533 1619 quaedam
1560 1572 1642 1610 Ovi-

271 1635 425 1670 dianam
451 1644 526 1679 prae
553 1643 591 1667 se
618 1631 744 1666 ferunt
769 1630 944 1673 indolem,
963 1631 1064 1676 quod
1081 1643 1159 1667 non
1186 1643 1255 1667 nos
1280 1631 1442 1667 vidimus
1467 1632 1642 1678 primum,

272 1695 338 1732 sed
365 1694 440 1731 iam
465 1693 634 1728 TEUFFEL
659 1690 862 1726 rectissime
890 1690 1041 1737 agnovit
1066 1690 1106 1726 in
1132 1690 1298 1727 Historia
1322 1690 1547 1728 Litterarum
1572 1692 1642 1729 Ro-

271 1762 471 1789 manarum
488 1750 533 1793 :³)
574 1749 661 1786 «Die
697 1750 955 1794 unterwiirfige
981 1749 1107 1795 Elegie
1134 1761 1183 1785 an
1212 1750 1386 1786 Messalla
1411 1750 1511 1786 kann
1538 1750 1644 1787 nicht

271 1824 344 1849 von
372 1810 487 1856 virgil
524 1809 615 1851 sein,
654 1808 815 1845 sondern
852 1809 901 1844 ist
938 1820 1011 1844 von
1050 1808 1171 1844 einem
1207 1809 1405 1855 Anfanger,
1443 1809 1508 1845 der
1542 1810 1642 1846 seine

269 1869 565 1919 mythologische
593 1867 887 1904 Gelehrsamkeit
913 1880 979 1904 zur
1014 1868 1137 1904 Schau
1174 1870 1270 1914 tragt
1295 1868 1373 1904 und
1400 1869 1488 1905 eber
1512 1868 1554 1906 in
1580 1866 1644 1907 der

272 1929 424 1969 Manier
451 1925 568 1967 Ovids
593 1927 648 1964 als
675 1927 809 1974 Virgils
836 1927 1011 1964 dichtet».
1048 1927 1107 1963 En
1133 1927 1238 1963 vobis
1265 1927 1443 1974 quasdam
1470 1928 1641 1966 similitu·

269 1991 357 2027 dine
382 1989 619 2026 manifestas:

389 2050 469 2086 Vss.
501 2049 617 2084 1—02:
660 2048 801 2083 «Pauca
826 2046 931 2090 mihi,
959 2047 1066 2083 niveo
1093 2047 1157 2082 sed
1184 2059 1262 2083 non
1287 2045 1476 2096 incognita
1501 2048 1640 2084 Phoebo

270 2138 279 2146 .
294 2138 302 2146 .
316 2137 324 2145 .
338 2109 446 2144 dicite
464 2107 664 2143 Pierides».
682 2107 764 2143 Hoc
788 2107 870 2142 loco
896 2105 1083 2155 incoynita
1108 2106 1308 2152 significat:
1335 2119 1412 2144 non
1430 2108 1639 2152 infitianda,

269 2181 351 2216 quae
377 2168 538 2204 Phoebus
565 2179 604 2203 se
631 2167 742 2212 digna
777 2167 928 2203 iudicet.
965 2166 1107 2203 Eodem
1144 2178 1256 2202 sensu
1293 2167 1452 2203 occurrit
1486 2167 1640 2204 verbum

267 2224 505 2276 coynoscendi
533 2226 637 2262 Ovid.
664 2225 771 2261 Pont.
799 2226 864 2261 III.
893 2226 927 2268 2,
951 2225 1157 2261 103—106.
1177 2226 1237 2269 (ad
1256 2226 1460 2262 Maximum
1480 2226 1640 2270 Cottam)

267 2288 447 2334 locusque
475 2286 598 2331 elegiae
626 2285 765 2331 optime
792 2285 861 2321 hoc
889 2284 1010 2321 Ovidii
1036 2284 1117 2321 loco
1144 2284 1374 2323 illustratur:

387 2406 411 2442 ¹)
433 2405 530 2434 Trist.
551 2403 606 2433 IV.
633 2403 675 2438 10,
701 2402 826 2433 19—20.

387 2455 409 2491 Ξ)
433 2454 514 2483 Ibid.
536 2463 601 2483 vss.
622 2452 751 2482 39-40.

386 2505 410 2541 ³)
433 2504 478 2533 Cf.
500 2506 578 2534 tom.
599 2504 626 2533 Ι.
647 2513 678 2541 p.
700 2503 768 2532 504.
790 2503 865 2533 edit.
887 2504 915 2532 5.

944 2562 962 2590 6
