1880 3032
322 203 369 240 22).
813 213 821 216 ’
840 213 959 240 'ema
985 205 1168 240 emmer.

323 316 462 357 vatum,
498 313 658 358 Insignis
696 324 810 348 cornu
847 313 993 348 Bacche
1029 323 1237 359 novemque
1272 312 1389 349 desen
1431 313 1485 349 cf.
1516 310 1692 360 Lyssdam.

322 374 357 417 4,
375 372 541 409 43—44:
565 374 687 409 «casto
714 384 802 408 nam
830 372 898 408 rite
925 374 1043 419 poetae
1070 372 1308 420 Phoebusque
1334 374 1372 409 et
1390 372 1562 409 Bacchus
1579 372 1690 409 Pieri-

322 434 458 480 desque
476 434 621 469 favent»
638 445 646 475 ;
674 433 836 479 Propert.
855 431 921 468 ΙΠ.
941 433 974 476 2,
995 433 1109 470 7—8:
1132 431 1343 477 «Miramur,
1362 432 1471 469 nobis
1489 434 1527 469 et
1542 431 1690 469 Baccho

322 496 358 530 et
375 493 546 540 Apolline
573 492 699 528 dextro
716 491 840 528 Turba
864 492 1074 538 puellarum
1092 491 1123 527 si
1141 502 1226 528 mea
1242 491 1354 528 verba
1371 491 1510 528 colit?-
1541 492 1579 527 et
1595 490 1686 527 ibid.

321 552 382 589 IV.
410 554 444 597 6,
472 554 492 588 7
497 553 641 588 5—76:
677 551 894 597 «Ingenium
928 552 1025 598 potis
1062 551 1180 588 irritet
1214 551 1322 588 Musa
1356 550 1499 597 poetis:
1532 550 1690 594 Bacche,

321 612 418 649 soles
442 611 582 648 Phoebo
610 611 738 647 fertilis
765 622 844 648 esse
872 613 974 648 tuo».
1001 633 1048 637 --
1079 608 1258 660 Cynthius
1282 615 1314 647 et
1343 608 1483 653 Musae,
1510 610 1557 646 cf.
1583 610 1689 655 Verg.

322 671 439 707 Gatal.
465 672 502 715 4,
529 672 638 707 5—7.
666 670 723 714 (de
750 670 902 707 Octavio
929 670 1036 706 Musa
1072 670 1312 706 historiarum
1348 669 1567 716 scriptore:
1600 668 1690 705 «Cui

321 729 448 766 iuveni
473 731 560 765 ante
586 728 679 764 alios
697 728 771 764 divi
789 728 991 775 divumque
1008 739 1152 766 sorores
1171 728 1314 765 Cuncta
1331 739 1451 776 neque
1468 727 1622 775 indigno
1636 756 1644 765 .
1657 754 1687 765 ..

321 790 456 826 dedere
508 789 618 832 bona,
660 788 803 824 Cuncta
851 788 987 834 quibus
1024 788 1162 834 gaudet
1195 787 1325 824 Phoebi
1363 788 1498 824 chorus
1536 787 1689 834 ipseque

321 848 518 884 Phoebus».
545 867 593 873 —-
624 845 765 896 Aylaie‚
792 848 969 893 quattuor
994 847 1146 894 syllabis
1171 847 1516 894 pronuntiandum3
1551 857 1689 884 nomen

321 909 434 946 unius
460 920 503 945 ex
529 907 676 946 Gratiis.
711 907 765 943 De
792 906 982 943 Musarum
1010 919 1096 943 cum
1123 907 1259 944 Gratiis
1286 907 1461 944 societate
1489 908 1534 944 cf.
1561 907 1687 954 Eurip.

320 969 430 1004 Herc.
448 968 534 1003 Fur.
560 967 655 1002 673:
682 964 721 1001 οἰ)
747 969 923 1015 παύσομαι
948 969 1010 1007 τὰς
1038 967 1192 1014 Χάριτας
1220 965 1380 1008 Μούσαις
1406 968 1688 1015 συγκαταμιγνὺς,

322 1028 463 1066 ἁδίσταν
486 1029 656 1073 συζυγίαν.
676 1048 724 1053 —
742 1024 787 1065 Si
813 1024 922 1065 laude
948 1026 1182 1077 aequiperare
1208 1025 1368 1070 humilis,
1398 1024 1587 1071 Messalla,
1614 1024 1687 1065 Ga—

320 1100 454 1131 menae,
482 1099 609 1123 versus
636 1086 947 1133 corruptissimus,
966 1086 1005 1121 in
1025 1087 1149 1122 codice
1167 1086 1399 1122 Bruxellensi
1417 1086 1469 1122 ita
1486 1086 1688 1124 exhibitus:

325 1148 384 1184 «Si
420 1144 564 1185 laudem
603 1144 796 1196 adspirare
832 1145 984 1182 humilis
1013 1144 1048 1182 si
1073 1143 1178 1183 adire
1206 1143 1403 1192 Cyrenas».
1445 1145 1516 1181 Pro
1542 1142 1687 1183 laudem

319 1205 512 1255 adspirare
548 1204 763 1240 emendavi:
799 1206 940 1240 laude
976 1205 1287 1249 aequiperare
1322 1203 1566 1250 (iungendum
1601 1204 1685 1240 cum

318 1275 509 1314 possumus
533 1276 585 1300 vs.
615 1264 698 1307 63.),
726 1263 847 1309 agitur
871 1263 972 1299 enim
999 1263 1043 1299 de
1071 1263 1298 1299 carminibus
1324 1261 1506 1299 Messallae
1531 1261 1686 1309 dig'num

319 1324 359 1360 in
385 1323 541 1360 modum
568 1323 637 1359 hac
664 1323 780 1368 elegia
806 1322 1054 1365 celebrandis;
1085 1320 1265 1371 Cyrenas:
1282 1323 1335 1359 ita
1351 1322 1549 1358 emendare
1567 1324 1683 1371 temp·

321 1383 414 1419 tavit
456 1384 617 1418 veterem
662 1383 910 1428 corruptelam
952 1383 1124 1418 librarius
1161 1382 1313 1428 quidam
1349 1382 1582 1426 semidoctus,
1623 1383 1686 1429 qui

318 1441 461 1478 audivit
496 1434 680 1477 nonnulla
716 1441 760 1476 de
788 1440 1016 1477 Callimacho
1044 1441 1245 1488 Cyrenensi
1281 1442 1526 1488 elegiacorum
1551 1438 1685 1478 Roma-

319 1513 456 1538 norum
481 1501 668 1547 magistro,
697 1513 763 1547 ego
790 1501 1004 1537 emendavi:
1026 1499 1208 1539 Camenae
1226 1504 1310 1546 (cas.
1328 1503 1453 1549 genit„
1471 1503 1581 1549 iunge
1600 1513 1685 1538 cum

319 1559 495 1604 humilis),
530 1562 720 1607 praeeunte
756 1560 918 1596 editione
953 1560 1090 1596 Aldina
1116 1561 1175 1605 11.,
1212 1562 1279 1598 ubi
1314 1562 1374 1598 hic
1408 1574 1537 1599 versus
1571 1562 1685 1599 talem

319 1620 432 1656 habet
458 1620 635 1656 formam:
667 1619 727 1655 «Si
753 1619 903 1656 laudem
931 1619 1117 1666 adspirare
1143 1617 1277 1658 humili
1302 1621 1334 1657 si
1358 1621 1459 1658 adire
1476 1632 1685 1660 camoena».

319 1680 428 1724 Quod
465 1681 591 1715 autem
627 1679 674 1714 ad
711 1677 744 1715 si
777 1676 881 1716 adire
916 1680 1060 1723 attinet,
1097 1679 1168 1716 hoc
1204 1680 1284 1716 loco
1309 1679 1346 1718 si
1368 1680 1478 1718 metri
1502 1681 1581 1727 lege
1608 1691 1684 1717 non

316 1738 536 1782 admittitur,
564 1736 669 1775 adire
693 1740 820 1774 autem
846 1739 991 1784 irrepsit
1021 1750 1064 1775 ex
1089 1750 1142 1776 vs.
1169 1750 1244 1785 sq.:
1277 1737 1401 1777 «adire
1426 1740 1541 1776 sales»
1572 1742 1682 1787 atque

316 1798 471 1834 extrusit
495 1798 697 1844 genuinam
724 1798 947 1839 lectionem;
975 1798 1234 1845 reponendum
1267 1798 1414 1835 videtur
1431 1795 1568 1835 nomen
1588 1797 1682 1836 Mes—

315 1855 430 1894 sallae
456 1857 624 1893 vocativo
651 1868 751 1900 casu,
783 1868 871 1892 nam
899 1857 938 1893 in
965 1860 1044 1894 toto
1071 1858 1142 1894 hoc
1169 1858 1332 1894 carmine
1358 1858 1569 1895 Messallam
1595 1859 1684 1895 alibi

315 1929 391 1953 non
428 1917 633 1963 alloquitur
669 1916 821 1952 nomine
858 1919 978 1962 poeta,
1020 1928 1105 1952 cum
1132 1917 1217 1952 talis
1244 1917 1420 1953 allocutio
1447 1917 1486 1952 in
1513 1917 1683 1953 huiusce-

315 1975 417 2012 modi
455 1976 618 2011 carmine
655 1986 849 2022 nunquam
887 1975 1003 2012 soleat
1038 1976 1175 2019 deesse,
1207 1977 1250 2011 ut
1276 1975 1452 2023 exemplis
1478 1977 1683 2012 ceterorum

315 2038 509 2083 poetarum
537 2036 746 2072 luculenter
771 2036 959 2071 docemur.
987 2035 1070 2072 Hoc
1095 2036 1178 2072 loco
1205 2038 1302 2071 certe
1324 2036 1513 2083 aptissime
1532 2032 1685 2082 ponitur

314 2095 382 2131 viri
409 2095 583 2132 celebrati
610 2107 760 2139 nomen,
787 2097 986 2142 postquam
1013 2107 1065 2132 vs.
1092 2095 1151 2131 59.
1179 2093 1314 2144 (tecum
1324 2093 1359 2143 Ι)
1385 2094 1433 2131 ad
1459 2107 1546 2131 eum
1571 2096 1684 2132 verba

315 2155 469 2201 dirigere
507 2156 646 2202 incepit
680 2158 800 2201 poeta.
828 2176 877 2181 —
903 2153 1014 2192 laude
1050 2153 1283 2205 aequiperare
1319 2153 1469 2192 humilis
1497 2182 1505 2190 .
1534 2183 1543 2191 .
1571 2183 1580 2192 .
1610 2153 1681 2193 Ua-

313 2225 448 2257 menae,
487 2215 517 2250 ei
554 2214 686 2250 humili
722 2217 812 2258 (non
849 2214 976 2260 magni
1012 2214 1133 2260 pretii)
1159 2214 1323 2249 carmine
1350 2225 1433 2250 meo
1461 2213 1615 2259 dignum
1642 2214 1682 2250 in

313 2273 469 2309 modum
505 2273 658 2309 laudare
693 2285 847 2320 possum
883 2276 949 2309 tua
985 2273 1150 2309 carmina
1182 2273 1452 2319 pulcherrima;
1480 2267 1522 2308 eii
1547 2273 1681 2319 Paneg.

314 2333 353 2369 in
370 2332 481 2369 Mese.
501 2332 623 2369 3--42
655 2344 694 2368 «e
721 2333 861 2369 meritis
887 2332 919 2368 si
945 2332 1110 2368 carmina
1135 2332 1275 2376 laudes,
1302 2332 1507 2369 Deficiant:
1533 2329 1682 2369 humilis

313 2392 429 2428 tantis
465 2392 534 2427 sim
574 2392 745 2428 conditor
780 2392 892 2428 actis»
935 2395 971 2428 et
1006 2392 1096 2428 ibid.
1128 2392 1297 2427 24-25:
1329 2393 1397 2428 «At
1423 2392 1682 2438 quodcumque

312 2462 404 2487 meae
435 2452 612 2499 poterunt
637 2451 775 2488 audere
803 2449 997 2495 Camenae,
1024 2450 1099 2488 Seu
1125 2451 1193 2488 tibi
1212 2462 1289 2502 par
1312 2452 1507 2499 poterunt»
1538 2453 1607 2488 etc.
1634 2469 1682 2477 --

313 2509 422 2548 laude
448 2511 690 2561 aequiperare,
718 2514 761 2548 ut
787 2513 963 2548 Prudent.
990 2512 1197 2548 Cathemer.
1226 2513 1259 2553 3,
1279 2512 1348 2547 85:
1377 2509 1491 2556 'eQuae
1516 2513 1682 2547 veterum

976 2581 1015 2610 22
