1880 3032
450 668 513 721 De
537 667 687 720 Ovidio
711 666 864 733 elegiae
888 666 936 719 in
957 665 1220 719 Messallam
1243 632 1431 718 auctore.

373 838 476 874 Inter
501 835 692 884 Catalepta
717 836 877 883 Vergilii,
906 835 1103 873 Academia
1136 834 1428 886 Amplissimai,
1443 836 1512 875 sub
1548 848 1615 876 ιιιι·

254 910 357 935 mero
382 898 445 934 Ix.
473 897 521 933 ad
556 908 625 933 nos
661 896 829 943 pervenit
865 896 982 942 elegia
1016 896 1055 931 in
1090 896 1322 943 triumphum
1358 895 1539 932 Messallae
1570 896 1615 931 de

254 956 454 1004 Aquitania
488 967 521 991 a.
549 955 583 991 d.
610 955 689 992 VII.
726 955 807 991 Kal.
835 954 913 992 Oct.
939 966 1039 991 anno
1078 955 1135 991 27.
1162 966 1195 991 a.
1231 954 1315 991 Chr.
1343 966 1381 992 ιι.
1384 957 1420 999 *)
1456 956 1613 992 celebra-

253 1019 347 1059 tum,
376 1027 488 1063 quam
514 1014 674 1061 Vergilio
700 1004 814 1051 tribui
840 1026 915 1051 non
941 1026 1048 1061 posse
1074 1014 1194 1062 primo
1221 1014 1346 1051 statim
1382 1015 1515 1051 obtutu
1552 1027 1614 1062 ap-

253 1078 369 1123 paret.
396 1075 530 1111 Totum
557 1074 657 1110 enim
683 1085 832 1110 carmen
857 1074 998 1119 puerile
1025 1085 1119 1120 opus
1144 1076 1200 1109 est
1235 1075 1421 1120 scatetque
1457 1074 1548 1110 loeis
1574 1086 1617 1110 ex

254 1133 412 1176 Catullo,
450 1145 493 1169 ex
528 1133 712 1169 Bucolicis
737 1132 887 1178 Vergilii
923 1134 960 1168 et
995 1144 1038 1168 ex
1073 1132 1294 1178 Panegyrico
1330 1133 1370 1167 in
1403 1132 1616 1169 Messallam

253 1196 298 1237 (a.
325 1204 357 1229 a.
385 1192 470 1229 Chr.
497 1204 534 1228 n.
564 1192 621 1228 31.
650 1191 801 1238 scripto)
826 1191 1060 1238 sumptis.⁴‘⁴‘)
1098 1192 1210 1227 Poeta
1235 1191 1446 1227 Messallam
1472 1191 1616 1228 clientis

253 1252 463 1289 humilitate
489 1252 693 1299 alloquitur
717 1251 884 1298 viresque
911 1262 997 1288 suas
1022 1263 1100 1287 non
1126 1251 1293 1287 sufficere
1319 1251 1366 1286 ad
1392 1263 1450 1287 res
1468 1251 1616 1287 bellicas

253 1311 434 1347 Messallae
461 1311 647 1355 canendas
673 1310 834 1356 ingenue
860 1311 999 1346 fatetur
1024 1321 1075 1345 vs.
1102 1311 1163 1345 55.
1175 1323 1188 1345 ε.

411 1385 482 1414 Non
504 1386 653 1414 nostrum
675 1386 722 1413 est
743 1385 860 1419 tantas,
882 1393 965 1419 non,·
978 1383 1121 1421 inquam,
1143 1374 1462 1421 attingere’laudeffi-

253 1459 385 1496 deinde
412 1471 462 1502 se,
490 1459 521 1494 si
547 1458 726 1505 Messallae
753 1457 917 1495 carmina
942 1457 1067 1494 Graece
1093 1457 1232 1519 scripta
1255 1458 1386 1495 humili
1405 1459 1521 1505 elegia
1547 1469 1616 1495 sua

252 1519 405 1566 dignum
431 1519 470 1554 in
496 1518 650 1555 modum
678 1518 859 1554 celebrare
885 1517 1003 1564 iisque
1021 1516 1315 1565 appropinquare
1330 1516 1459 1564 possit,
1479 1519 1615 1565 optatis

251 1578 341 1624 ipsis
366 1578 451 1624 plus
476 1577 673 1624 procedere
700 1577 789 1613 dicit
814 1588 884 1613 vss.
912 1577 1094 1613 59—63.:

406 1646 420 1653 ⁶
488 1656 553 1685 Nos
575 1664 622 1690 ea,
643 1664 712 1692 quae
733 1656 839 1684 tecum
860 1644 1022 1683 finxerunt
1042 1655 1187 1684 carmina
1208 1654 1283 1690 divi,

528 1703 688 1741 Cynthius
710 1705 741 1732 et
761 1703 872 1738 Musae,
891 1703 1039 1732 Bacchus
1060 1705 1092 1732 et
1112 1703 1234 1741 Aglaie,

488 1752 522 1781 Si
542 1752 636 1782 laude
657 1752 854 1791 aequiperare
875 1751 1011 1788 humilis,
1032 1752 1194 1787 Messalla,
1216 1750 1376 1788 Camenae,

528 1802 563 1832 si
581 1803 688 1841 patrio
710 1802 834 1832 Graios.
847 1803 989 1832 carmine
1011 1802 1099 1832 adire
1120 1802 1204 1832 sales
1231 1815 1251 1828 -.

487 1853 675 1887 Possumus,
695 1852 815 1889 optatis
837 1852 910 1888 plus
931 1852 996 1881 iam
1017 1851 1223 1890 procedimus
1243 1852 1334 1889 ipsis.

301 1932 320 1946 “’
369 1932 471 1967 Τ81ἰ8
496 1932 609 1976 igitur
633 1931 745 1967 verba
770 1942 846 1966 non
873 1933 1078 1977 potuerunt
1102 1931 1286 1977 proficisci
1311 1935 1333 1967 a
1357 1933 1517 1980 Vergilio
1535 1933 1612 1976 illo,

251 1991 312 2037 qui
340 2002 440 2027 anno
468 1991 527 2027 27.
553 1990 730 2027 Bucolica
745 1992 793 2026 et
818 1989 997 2035 Georgica
1020 1990 1096 2025 iam
1117 1990 1265 2037 pridem
1295 1992 1611 2037 perfecerat-iani-

250 2062 330 2097 que¹
346 2051 517 2097 princeps
542 2052 739 2097 poetarum
754 2050 884 2086 ‘aetatis
911 2061 986 2085 suae
1021 2060 1061 2085 se
1098 2050 1305 2086 accinxerat
1339 2050 1386 2086 ad
1423 2050 1612 2089 heroicum

251 2122 399 2147 carmen
426 2110 471 2146 de
497 2110 623 2146 Aenea
650 2109 896 2149 scribendum.
925 2109 1132 2146 Homerum
1158 2110 1409 2158 aemulaturus.

370 2169 479 2216 Quod
505 2172 630 2222 autem
661 2170 707 2206 ad
744 2182 871 2207 verum
893 2173 1118 2207 *auctorem-
1137 2171 1249 2208 huius
1285 2171 1408 2217 elegiae
1444 2167 1612 2219 pertinet,

250 2242 334 2265 eum
363 2230 475 2265 fuisse
497 2230 824 2268 adulescentulum
853 2229 1052 2265 immaturo
1079 2230 1231 2276 quidem
1257 2231 1418 2276 ingenio,
1437 2231 1612 2279 sedpoe-

249 2288 322 2325 tica
346 2289 480 2324 virtute
508 2299 584 2324 non
612 2288 844 2331 destitutum,
861 2300 1002 2335 ‘omnes
1027 2290 1102 2325 fere
1129 2283 1198 2325 viri
1224 2289 1323 2325 docti
1360 2290 1612 2326 consentiunt.

248 2347 345 2383 Talis
372 2347 443 2382 fuit
467 2346 796 2393 inter'scriptores‚
836 2359 1009 2394 quorum¹
1030 2343 1203 2385 Messalla
1239 2343 1362 2394 fautor
1398 2352 1485 2392 erat,
1518 2349 1613 2386 cirea

368 2464 466 2502 ⁹)Cf.
488 2465 582 2504 Gorp.
602 2465 711 2496 Inser.
725 2466 795 2496 Lat.
816 2466 897 2496 tom.
918 2465 944 2495 Ι.
965 2475 998 2504 p.
1018 2465 1087 2498 461.

347 2515 397 2552 **)
418 2515 515 2544 Hunc
535 2516 770 2553 Panegyricum
791 2516 958 2553 Propertio
981 2515 1223 2544 adulescentulo
1251 2515 1480 2543 vindicandum
1503 2515 1611 2544 censui

247 2562 283 2592 in
305 2560 445 2593 editione
466 2553 627 2602 Lygdami
649 2572 668 2593 8
688 2573 740 2593 me
762 2565 874 2594 curata
894 2555 1151 2657 (Βιιιί8ῤοίῐίιιὶ.Ζ
1155 2555 1251 2600 19‘06.)
1273 2567 1335 2601 Ρρϊ
1348 2562 1395 2593 89.
1418 2557 1488 2600 sqq.

307 2639 355 2657 an
357 2640 382 2656 u.
400 2634 448 2656 ιἐιιτ
475 2641 488 2656 Α
504 2640 598 2657 πην-
658 2635 780 2657 snm
797 2636 849 2657 ιδιι
851 2635 924 2657 *aba
941 2639 992 2657 xn.
1010 2636 1068 2656 new.
1084 2633 1107 2656 1.
1458 2623 1492 2651 1*
