1880 3032
302 191 350 228 ΩΟ
829 202 941 227 carza
967 193 1153 229 usna-nr.

420 301 464 338 V.
491 301 650 337 51—54.
691 298 800 339 Nunc
835 298 961 339 celeres
997 298 1111 346 Afros
1137 328 1147 337 .
1175 329 1185 338 .
1212 330 1222 339 .
1249 300 1376 340 Aurea
1411 311 1510 340 nunc
1543 294 1680 352 rapidi

299 356 458 405 flumina
484 358 590 397 adire
618 357 727 409 Taqi,
757 363 870 407 poeta
895 363 982 397 ante
1009 361 1138 398 oculos
1164 361 1339 398 habuisse
1364 361 1512 398 videtur
1535 361 1679 406 Paneg,

300 418 338 454 in
363 417 474 455 Mese.
497 419 713 457 137—139:
745 420 848 457 «Non
874 422 911 457 te
939 448 948 457 .
976 447 986 456 .
1013 448 1022 457 .
1049 419 1296 459 remorabitur
1322 448 1331 457 .
1359 449 1368 458 .
1396 448 1404 458 .
1432 420 1554 458 audax
1580 416 1673 458 His-

298 477 417 528 pania
444 479 550 515 terris
576 481 651 516 Nee
678 481 758 516 fera
774 480 926 516 Theraeo
952 481 1063 516 tellus
1089 481 1240 516 obsessa
1265 480 1419 518 colono»
1450 481 1473 517 i.
1493 493 1524 516 e.
1539 479 1680 516 Africa.

301 538 476 575 Ceterum
513 539 558 575 de
594 539 706 576 rebus
732 539 915 576 Messalla:
952 539 991 576 in
1017 539 1142 577 Africa
1171 541 1207 576 et
1232 538 1415 588 Hispania
1440 539 1553 587 gestis
1578 538 1674 576 nihil

299 601 455 636 constat.
480 599 577 645 Ergo
604 599 718 636 etiam
743 599 816 643 hic,
842 600 907 635 ubi
933 610 1017 635 vera
1036 599 1217 635 Messallae
1244 601 1343 636 facta
1368 611 1585 636 enumerare
1607 598 1668 635 de·

300 659 423 702 bebat,
460 658 540 695 loco
573 658 764 695 communi
789 658 936 695 videtur
961 670 1052 695 usus
1082 669 1160 695 esse
1186 661 1297 706 poeta
1321 659 1392 695 tiro
1418 658 1467 695 ad
1492 661 1679 695 extremas

299 718 399 754 orbis
425 720 608 755 terrarum
635 729 717 754 oras
744 718 1004 764 designandas.
1044 718 1156 755 Nulla
1181 720 1237 755 est
1262 721 1359 755 certe
1385 719 1424 755 in
1451 721 1531 755 tota
1556 718 1673 764 elegia

300 777 519 824 triumphali
545 777 754 823 Aquitaniae
782 777 936 820 mentio,
964 777 1009 813 de
1037 789 1111 824 qua
1135 779 1326 825 provincia
1344 778 1517 815 Messalla
1541 777 1671 815 trium-

301 836 454 884 phavit!
482 837 599 872 Aliter
624 837 758 873 Tibull.
785 837 813 872 1.
842 838 877 880 7,
905 838 948 873 3:
976 837 1108 874 «Hunc
1125 840 1187 881 (sc.
1207 837 1431 882 Messa-llam)
1449 838 1537 881 tore,
1556 835 1671 887 Aqui·⁴

300 901 409 934 ranas
434 898 561 943 posset
587 896 650 942 qui
677 896 833 932 fundere
858 898 1007 943 gentes»
1038 899 1084 933 et·
1101 896 1189 932 ibid.
1210 897 1355 934 9—12:
1387 897 1487 934 uNon
1515 896 1593 933 sine
1611 907 1679 932 me

300 960 356 992 est
393 956 462 992 tibi
497 958 627 1002 partus
665 956 805 992 honos:
833 956 1002 992 Tarbella
1026 957 1167 1003 Pyrene
1193 956 1311 993 Testis
1338 959 1374 992 et
1400 956 1538 992 Oceani
1563 955 1679 992 litora⁴

299 1015 502 1057 Santonici,
530 1015 647 1051 Testis
674 1016 766 1051 Arar
791 1016 1071 1063 Rhodanusque
1098 1016 1195 1052 celer
1219 1027 1448 1063 magnusque
1470 1015 1678 1059 Garumna,

300 1075 473 1112 Carnutis
501 1077 537 1110 et
563 1075 649 1110 flavi
676 1076 812 1111 eaerula
837 1075 989 1122 lympha
1014 1076 1158 1121 Liger».
1177 1095 1226 1101 —
1243 1074 1367 1113 celeres
1389 1075 1517 1124 Afros,
1543 1074 1677 1111 Numi-

300 1135 366 1171 das
394 1134 538 1181 equites
566 1134 751 1180 intellege.
775 1155 824 1159 —
849 1134 1020 1184 periurae
1045 1133 1154 1172 milia
1177 1133 1304 1183 yemis,
1333 1136 1546 1181 corruptum
1574 1133 1676 1169 vide--

299 1198 379 1236 tur;
408 1205 485 1229 non
513 1194 613 1228 enim
641 1190 733 1241 Afri
758 1195 793 1237 (i.
821 1206 850 1230 e.
878 1194 1073 1239 Numidae).
1093 1195 1157 1231 sed
1184 1195 1280 1230 Puni
1306 1197 1412 1230 erant
1437 1193 1591 1240 perfidia
1616 1193 1675 1229 in*

299 1254 434 1296 fames:
460 1251 568 1291 milia
593 1252 708 1301 yemis
735 1255 861 1290 autem
887 1254 1118 1301 ineptissime
1145 1254 1298 1292 dictum.
1326 1254 1572 1292 Scribendum
1598 1254 1668 1290 for-

299 1316 416 1350 tasse:
439 1324 506 1361 per
531 1324 622 1349 rura
647 1311 815 1361 mapalia
841 1311 1034 1358 habentes,·
1059 1315 1103 1349 cf.
1133 1313 1220 1350 Sall.
1247 1313 1327 1360 Iug.
1350 1315 1405 1357 18,
1424 1315 1465 1350 8:
1498 1313 1679 1349 «aedificia.

300 1371 547 1408 Numidarum
584 1370 789 1420 ayresstum,
827 1383 907 1418 quae
944 1370 1114 1423 mapalia
1140 1372 1196 1409 illi
1222 1375 1375 1410 vocant»
1407 1375 1444 1409 et
1469 1372 1575 1418 Verg.
1603 1371 1671 1409 Ge.

299 1432 366 1467 III.
395 1432 478 1467 339.
506 1443 606 1477 sqq.:
639 1431 758 1475 «Quid
794 1432 862 1467 tibi
897 1434 1065 1478 pastores
1089 1433 1225 1478 Libyae,
1262 1432 1350 1479 quid
1383 1443 1524 1482 pascua
1560 1442 1668 1467 versu

299 1492 503 1537 Prosequar
539 1493 576 1526 et
611 1491 703 1526 raris
740 1490 907 1527 habitata
943 1489 1111 1541 mapalia
1148 1491 1252 1528 tectis
1280 1519 1288 1528 .
1317 1519 1326 1528 .
1354 1518 1364 1527 .
1392 1490 1518 1527 omnia
1544 1502 1670 1527 secum

299 1551 557 1588 Armentarius
583 1547 680 1596 Afer
718 1550 828 1596 agit».
856 1571 905 1577 —
932 1550 1059 1588 Aurea
1095 1562 1193 1589 nanc
1228 1549 1358 1601 rapidi
1382 1548 1541 1596 flumina
1569 1548 1678 1588 adire

302 1609 409 1659 Taqi,
446 1621 490 1645 ex
516 1609 651 1645 Catuli,
680 1611 738 1652 29,
771 1611 927 1646 18—-19,
959 1609 1105 1656 «praeda
1130 1638 1138 1646 .
1167 1638 1176 1646 .
1206 1637 1215 1646 .
1243 1610 1351 1647 tertia
1376 1610 1526 1654 Hibera,
1558 1620 1670 1656 quam

300 1670 369 1707 scit
406 1669 527 1706 amnis
564 1669 701 1705 aurifer
726 1670 880 1715 Tagus».
914 1670 1056 1706 Eodem
1082 1670 1193 1706 modo
1220 1669 1323 1707 ovid.
1352 1671 1433 1706 Am.
1460 1671 1487 1706 I.
1519 1671 1575 1713 15,
1602 1670 1672 1705 34:

304 1729 475 1766 «auriferi
509 1729 590 1775 ripa
621 1729 782 1774 benigna
807 1729 915 1774 Tagi»
946 1732 983 1764 et
1008 1728 1158 1766 Metam.
1186 1729 1232 1766 II.
1261 1730 1349 1765 251:
1383 1729 1572 1776 «quodque
1601 1740 1670 1765 suo

300 1790 421 1835 Tagus
459 1798 569 1823 amne
605 1787 708 1823 vehit
732 1816 741 1823 .
771 1816 780 1824 .
808 1815 817 1824 .
845 1799 1014 1824 aurum».
1042 1809 1090 1813 —
1116 1785 1230 1825 Nunc
1265 1787 1383 1839 aliam
1418 1800 1462 1825 ex
1495 1786 1575 1825 alia
1602 1785 1670 1824 bel-

300 1846 413 1886 lando
449 1857 618 1896 quaerere
651 1852 798 1895 yentem,
835 1859 983 1883 versum
1019 1847 1187 1883 imitatur
1221 1851 1352 1884 auctor
1378 1847 1470 1883 Ciris
1495 1859 1548 1884 vs.
1576 1847 1674 1883 364.-

304 1907 433 1943 «Nunc
459 1906 571 1942 aliam
600 1917 643 1941 ex
669 1906 742 1942 alia
768 1909 849 1951 (nec
876 1906 1025 1950 desunt)
1051 1906 1178 1942 omina
1204 1906 1371 1953 quaerit».
1415 1907 1469 1942 De
1500 1905 1677 1952 gentibus

300 1980 322 2003 a
347 1966 519 2002 Messalla
546 1965 700 2002 devictis
727 1967 772 2002 cf.
800 1966 886 2002 adn.
913 1977 1026 2012 supra
1052 1966 1098 2001 ad
1125 1977 1177 2001 vs.
1205 1967 1249 2001 4:
1282 1966 1438 2008 «Victor,
1465 1977 1539 2012 qua
1565 1967 1671 2001 terrae

301 2036 448 2074 quaque
474 2026 604 2072 patent
629 2025 782 2062 maria».
802 2047 851 2051 —
878 2023 1023 2063 Vincere
1048 2030 1081 2063 et
1100 2023 1241 2063 Oceani
1262 2023 1401 2074 sinibus
1426 2023 1587 2068 ulterius,
1605 2036 1677 2073 per

299 2085 464 2122 auxesin.
491 2084 665 2120 Messalla
700 2096 828 2120 revera
864 2085 998 2120 devicit
1023 2085 1212 2120 Tarbellos
1249 2087 1286 2120 et
1312 2084 1507 2127 Santones,
1544 2085 1672 2130 gentes

300 2145 515 2192 Aquitanas,
542 2144 685 2180 accolas
713 2143 851 2180 Oceani
877 2143 1062 2180 Atlantici.
1090 2143 1143 2180 Of.
1170 2143 1303 2179 Tibull.
1331 2143 1360 2179 Ι.
1389 2144 1423 2186 7,
1451 2143 1584 2179 9—10.
1611 2142 1674 2187 (de

300 2203 491 2249 triumpho
519 2202 731 2247 Messallae):
765 2203 868 2239 «Non
895 2203 974 2239 sine
1002 2214 1061 2239 me
1089 2205 1145 2238 est
1170 2203 1238 2238 tibi
1263 2205 1392 2249 partus
1418 2202 1558 2238 honos:
1584 2202 1671 2238 Τατ-

300 2263 398 2298 bella
423 2262 562 2308 Pyrene
588 2261 705 2297 Testis
733 2264 769 2297 et
797 2258 935 2300 Oceani
972 2259 1080 2298 lam-a
1120 2261 1348 2297 Santonici».
1389 2260 1553 2307 Scriptor
1585 2261 1676 2296 ante

301 2323 431 2359 oeulos
469 2321 602 2357 habuit
627 2321 762 2367 Paneg.
790 2322 829 2357 in
856 2321 965 2357 Mese.
997 2321 1078 2357 147.
1106 2332 1204 2368 sqq.:
1237 2320 1428 2357 «Oceanus
1458 2322 1574 2367 ponto
1599 2330 1677 2367 qua

301 2382 468 2418 continet
494 2381 634 2423 orbem,
661 2381 772 2416 Nulla
798 2381 867 2417 tibi
893 2381 1056 2417 adversis
1082 2380 1181 2426 regio
1209 2391 1288 2415 sese
1314 2380 1442 2415 offeret
1467 2379 1600 2415 armis:
1622 2380 1675 2414 Te

301 2442 429 2476 manet
454 2439 613 2477 invictus
640 2439 808 2476 Romano
834 2438 953 2476 Marte
980 2436 1227 2484 Britannus»,
1243 2439 1342 2486 quod
1360 2437 1577 2475 vaticinium
1596 2449 1676 2475 nou

968 2567 1007 2596 20
