1880 3032
644 246 692 270 na
717 244 849 271 Enseu
873 245 914 271 m
939 246 1161 272 nasama.
1537 237 1583 272 13

212 355 264 383 ex
297 343 511 383 coniectura
545 343 781 381 librariorum
817 343 1117 393 semideam-nm,
1157 345 1221 390 qui
1257 344 1301 379 de
1338 344 1471 390 Tydeo,
1508 345 1585 382 filio

213 402 348 447 Oenei.
374 404 442 441 aut
466 402 513 441 de
530 402 722 448 Diomede,
749 405 884 451 nepote
909 403 1089 448 eiusdem3
1108 403 1336 450 cogitabant3
1356 404 1585 443 inVossiano

213 462 354 511 legitur
376 461 534 507 aenidos,
571 463 610 501 in
637 463 854 501 Monaeensi
880 461 1032 502 eucides.
1057 484 1108 490 —-
1133 461 1252 512 Eryx,
1279 475 1343 501 rex
1367 462 1586 509 Elymorum

218 523 261 565 in
285 522 422 566 Sicilia,
457 523 561 570 pugil
587 523 829 565 clarissimus,
857 523 923 569 qui
948 534 1034 559 cum
1060 523 1190 569 quovis
1216 522 1368 559 homine
1394 523 1586 569 peregrino

213 580 471 619 contendebat
506 584 544 618 et
571 583 701 619 ¹occiso
738 582 772 618 ei
797 581 916 629 spolia
941 580 1171 619 detrahebat.
1213 581 1350 617 Parum
1374 584 1460 627 apte
1487 592 1588 617 com-

219 641 375 689 paratur
399 652 486 679 cum
511 640 695 678 Messalla.

340 699 384 735 V.
413 700 547 736 7-10.
587 698 664 737 Nec
689 698 813 736 minus
837 697 973 737 idcirco
998 704 1127 737 vestros
1152 709 1355 748 expromere
1381 703 1519 742 cantus,
1546 710 1589 735 ex

215 758 357 796 eatan.
385 760 444 803 65,
472 760 589 796 3—4:
633 760 727 796 «Nec
762 760 858 806 potis
894 762 951 796 est
987 759 1112 796 dulces
1147 759 1339 795 Musarum
1376 769 1588 805 expromere

213 819 319 854 fetus
349 817 457 854 Mens
492 818 646 854 animi».
672 839 721 844 —
749 817 823 855 Nec
858 817 981 855 minus
1007 845 1016 854 .
1044 845 1054 853 .
1082 845 1091 855 .
1120 816 1322 862 Maximus,
1360 828 1588 864 quamquam

222 876 395 914 Messalla
420 877 554 914 bellica
579 877 690 914 laude
716 878 913 924 proeclarus
940 880 1005 921 est,
1033 889 1101 913 nec
1127 877 1252 913 minus
1278 877 1377 913 idem
1403 876 1589 913 maximus

214 937 279 971 -est
302 941 429 981 poeta.-
450 955 500 964 —
525 941 656 973 vestros
675 964 683 972 .
702 964 712 972 .
733 963 741 971 .
761 942 900 978 cantus,
928 936 1092 972 carmina
1117 936 1322 978 Musarum,
1353 947 1445 982 quas
1471 946 1524 970 vs.
1551 936 1587 971 2.

215 995 408 1033 *allocutus
434 997 490 1032 est
515 998 637 1043 poeta.
664 1019 713 1021 —
741 994 941 1041 Maximus,
968 996 1204 1040 adiectivum,
1241 995 1340 1033 unde
1366 994 1505 1043 pendet
1531 994 1587 1031 in-

217 1055 392 1092 finitivus
429 1067 633 1105 expromere
670 1069 721 1092 vs.
764 1059 798 1092 7.
836 1077 886 1082 ——
923 1061 1063 1094 sanctos
1177 1084 1186 1093 .
1225 1054 1357 1098 choros,
1396 1056 1588 1091 Musarum

220 1113 371 1151 choros.
399 1113 454 1151 Cf.
481 1115 645 1162 Propert.
671 1115 718 1152 11.
743 1116 801 1158 30,
822 1116 980 1153 37—-38.
997 1115 1056 1160 (de
1083 1115 1242 1162 Cynthia
1266 1115 1410 1161 poetria
1436 1114 1476 1151 in
1502 1114 1587 1150 cho-

223 1184 308 1209 rum
334 1173 526 1224 Musarum
552 1185 575 1209 a
598 1174 752 1210 Baccho
772 1176 966 1211 ductarum
993 1177 1172 1221 recepta):
1217 1175 1379 1218 «(Musae)
1404 1177 1440 1209 te
1467 1175 1589 1219 prima

221 1233 390 1269 statuent
415 1232 455 1268 in
480 1235 584 1279 parte
612 1233 753 1270 choreae
772 1229 820 1269 Et
837 1233 983 1271 medius
1001 1233 1110 1270 docta
1127 1233 1277 1281 cuspide
1294 1233 1463 1270 Bacchus
1481 1233 1586 1269 erit».

221 1293 344 1328 Poetae
370 1292 470 1328 enim
496 1304 533 1328 se
560 1293 671 1329 choro
695 1293 887 1329 Musarum
912 1294 1065 1339 adiungi
1091 1294 1251 1339 fingunt;
1272 1294 1317 1329 of.
1336 1294 1502 1339 Propert.
1520 1293 1587 1328 ΠΙ.

225 1353 260 1396 Ξ,
290 1351 456 1386 13—-142
488 1352 555 1387 «At
580 1351 696 1387 Musae
733 1351 885 1388 comites
920 1354 958 1388 et
987 1353 1157 1388 carmina>
1178 1362 1263 1387 cara
1287 1351 1426 1397 legenti
1450 1351 1500 1387 Et
1524 1351 1587 1386 de-

224 1411 321 1446 fessa
346 1410 468 1447 choris
494 1410 683 1457 Calliopea
707 1412 821 1447 meis»
853 1414 890 1447 et
915 1412 1004 1447 ibid.
1030 1411 1096 1448 111.
1123 1413 1158 1453 5,
1186 1412 1348 1447 19—-202
1381 1411 1462 1446 «Me
1488 1411 1590 1446 iuvet

224 1470 263 1505 in
299 1469 418 1516 prima
455 1470 611 1506 coluisse
637 1470 819 1506 Helicona
849 1471 1002 1506 iuventa
1028 1470 1292 1516 Musarumque
1319 1470 1440 1506 choris
1465 1469 1587 1516 impli-

218 1530 343 1566 cuisse
369 1541 541 1566 manus».
568 1551 618 1555 —-
644 1528 727 1568 Hoc
753 1528 875 1580 itaque
901 1559 917 1566 ..
939 1557 947 1565 .
974 1558 984 1566 .
1012 1529 1127 1567 iactor
1151 1528 1269 1578 mayis
1297 1558 1305 1566 .
1334 1557 1342 1565 .
1370 1558 1378 1566 .
1406 1528 1514 1572 curis,
1546 1540 1590 1565 eo

223 1589 340 1637 magis
366 1589 482 1626 iactor
507 1590 615 1632 curis,
644 1589 742 1636 quod
768 1592 810 1626 tu
837 1592 874 1626 et
900 1590 973 1625 dux
999 1590 1197 1636 praeclarus
1223 1592 1260 1625 et
1277 1592 1387 1636 poeta
1406 1589 1589 1625 maximus

219 1660 283 1684 es:
323 1648 447 1685 nescio
474 1650 574 1684 enim
601 1650 800 1685 bellicasne
826 1649 979 1685 virtutes
1007 1653 1089 1685 tuas
1116 1649 1298 1685 celebrem
1324 1660 1372 1684 an
1399 1649 1587 1694 poeticum

220 1708 426 1753 ingenium.
445 1729 490 1732 —
511 1706 554 1745 de
579 1713 610 1744 te
637 1736 646 1744 .
676 1735 685 1743 .
714 1735 724 1743 .
751 1705 829 1750 tibi,
857 1710 913 1744 est
938 1709 1038 1743 enim
1065 1719 1214 1743 carmen
1241 1708 1286 1743 de
1305 1707 1476 1743 Messalla
1502 1707 1588 1742 scri-

222 1766 391 1802 bendum
418 1766 525 1812 eique
552 1767 811 1807 dedicandum.

343 1826 385 1862 V.
417 1826 571 1862 11-12.
609 1822 777 1876 Namque
813 1824 981 1875 (fatebor
1016 1824 1134 1873 enim)
1171 1837 1262 1876 quae
1288 1824 1453 1862 maxima
1480 1823 1589 1862 deter-

218 1882 340 1928 rendi,
368 1897 410 1921 ex
437 1885 543 1931 Verg.
571 1885 650 1921 Ecl.
681 1888 711 1928 1,
741 1887 807 1923 31:
845 1887 1031 1932 ·Namque
1067 1886 1223 1929 (fatebor
1257 1886 1369 1929 enim)
1405 1885 1493 1920 dum
1530 1895 1590 1920 me

221 1944 381 1981 Galatea
407 1945 593 1981 tenebat».
620 1945 756 1981 Versus
783 1948 838 1981 est
864 1946 1098 1990 spondiacus.
1126 1957 1148 1981 a
1174 1945 1416 1982 sectatoribus
1434 1945 1590 1980 Alexan—

219 2004 418 2040 drinorum
444 2005 651 2040 adamatus.
677 2026 726 2029 —-
749 2016 842 2053 quae
867 2003 1033 2041 maxima
1059 2003 1270 2047 deterrendi,
1297 2007 1406 2050 poeta
1432 2004 1590 2049 respexit

224 2062 359 2109 Paneg.
387 2062 426 2099 in
452 2062 562 2100 Mess.
593 2063 709 2100 1—2·:
746 2063 826 2107 «Te,
863 2062 1046 2106 Messalla,
1084 2075 1228 2106 canam,
1266 2074 1491 2110 quamquam
1527 2065 1593 2099 tua

221 2122 373 2167 cognita
407 2122 524 2157 virtus
553 2119 708 2159 Terret».
736 2144 786 2147 -—
810 2121 975 2159 maxima
1001 2120 1202 2159 deterrendi
1228 2120 1375 2163 Debuit,
1417 2119 1592 2158 hortandi

222 2179 391 2218 maxima
415 2191 529 2227 causa
552 2178 638 2226 fuit,
667 2181 832 2217 carmina
857 2184 923 2218 tua
947 2181 1107 2220 maxime
1133 2182 1331 2217 hortantur
1355 2193 1424 2223 me,
1444 2183 1487 2217 ut
1504 2180 1590 2217 scri·

224 2240 311 2277 bam
346 2241 392 2277 de
429 2243 486 2284 te;
527 2240 590 2277 sed
618 2241 696 2277 haec
723 2241 889 2277 carmina
913 2241 1166 2288 pulcherrima
1191 2241 1343 2287 dignum
1371 2241 1408 2276 in
1436 2240 1591 2276 modum

220 2300 407 2336 celebrare
443 2300 705 2337 difficillimum
743 2296 808 2344 est;
845 2312 919 2347 qua
955 2301 1173 2337 difficultate
1204 2308 1301 2337 certe
1328 2300 1504 2336 deterreri
1530 2300 1591 2334 de-

221 2358 369 2395 bebam.

287 2436 290 2438 ·
344 2418 386 2454 V.
418 2419 572 2455 13—16.
599 2416 728 2456 Pauca
754 2424 816 2456 tua
843 2418 886 2455 in
902 2423 1046 2456 nostras
1062 2423 1231 2455 venerunt
1249 2417 1417 2455 carmina
1435 2415 1591 2459 chartas,

221 2476 392 2514 carmina
427 2476 597 2522 quaedam
634 2479 701 2512 tua
737 2488 841 2513 servo
871 2477 968 2512 inter
996 2476 1112 2512 libros
1136 2487 1261 2516 meos;
1290 2477 1334 2511 cf.
1362 2475 1503 2511 Phaedr.
1529 2473 1592 2509 IV.

220 2534 317 2581 prol.
348 2536 513 2572 17—18:
547 2534 660 2571 «Mihi
695 2538 802 2582 parta
831 2536 913 2573 laus
945 2538 1010 2579 est,
1039 2535 1139 2582 quod
1165 2538 1218 2579 tu,
1247 2535 1345 2582 quod
1373 2535 1510 2572 similes
1537 2534 1594 2570 tui

890 2603 926 2632 13
