1880 3032
268 186 291 221 8
798 198 909 222 GEYZA
936 190 1121 224 unumst.

266 295 342 332 duo
368 295 441 332 loci
468 294 641 332 Ovidiani
665 294 904 341 respondent,
931 294 998 331 ubi
1023 305 1101 331 una
1127 306 1213 331 cum
1239 294 1411 343 Apolline
1449 297 1486 331 et
1521 294 1648 331 Musis-

266 353 380 391 etiam
415 354 587 390 Bacchus
622 356 935 390 commemoratur
969 355 1166 401 poetarum
1203 353 1338 398 fautor,
1375 356 1500 390 Amor.
1537 354 1566 390 I.
1603 353 1647 396 3r

270 413 437 449 11-122

504 462 546 491 At
567 461 707 491 Phoebus
728 461 927 498 comitesque
948 471 1064 492 novem
1085 461 1210 502 vitisque
1230 465 1362 501 repertor

545 510 632 540 Hinc
653 511 775 540 faciunt
791 533 799 540 .
813 533 822 540 .
837 533 845 541 .

267 592 304 626 et
328 591 372 627 A.
401 592 442 627 Δ.
469 591 536 627 ΙΙΙ.
565 592 783 627 347-34-8ε

507 683 532 712 Ο
554 683 601 712 ita
621 683 739 712 Phoebe
760 683 851 718 velis,
873 683 918 712 ita
940 693 1006 718 vos,
1027 684 1083 721 pia
1103 684 1239 713 numina
1259 685 1380 718 vatum,

544 733 689 770 Insignis
711 742 812 762 cornu
832 731 954 763 Bacche
974 742 1154 771 novemque
1177 733 1252 764 deoe.

387 827 475 871 Quae
502 827 576 864 huc
602 839 720 874 usque
748 828 1033 876 disputavimus,
1061 831 1158 865 certe
1185 840 1262 865 non
1290 828 1481 864 sufficiunt
1499 826 1547 863 ad
1565 827 1644 863 ele--

265 884 364 930 giam
389 885 431 921 in
457 884 669 921 Messallam
695 886 827 922 Ovidio
854 886 1104 930 tribuendam,
1131 886 1195 922 sed
1223 886 1333 922 liceat
1358 888 1484 922 tamen
1519 884 1645 927 vobis,-

266 943 456 981 auditores
492 944 729 989 doctissimi!‚
766 957 973 993 proponere
1010 945 1272 992 quaestionem:
1309 945 1518 992 potueritne
1545 943 1643 986 fieri,⁴

265 1007 309 1041 ut
335 1003 538 1051 Cataleptis
566 1005 715 1051 Vergilii
742 1007 826 1052 post
861 1008 1018 1042 mortem
1054 1008 1173 1053 poetae
1208 1004 1288 1041 sine
1323 1005 1402 1041 ulla
1438 1005 1646 1041 selectione·

266 1075 309 1099 ex
335 1063 471 1100 scrinio
498 1064 627 1100 relicto
655 1065 764 1101 editis
790 1065 972 1101 insertum
1001 1066 1049 1102 sit
1074 1077 1222 1101 carmen
1259 1065 1306 1101 ab
1343 1065 1474 1101 Ovidio
1511 1064 1635 1101 adule-

265 1124 436 1160 scentulo
463 1124 642 1170 scriptum
669 1124 800 1160 eodem
826 1125 949 1166 modo,
977 1137 1049 1171 quo
1076 1137 1114 1160 re
1145 1136 1231 1161 vera
1267 1125 1340 1160 illis
1366 1124 1555 1160 immixtus
1582 1125 1648 1159 est-

264 1183 412 1219 iambus
438 1183 585 1219 Horatii
611 1183 650 1219 in
678 1183 823 1230 epodon
850 1184 946 1220 libro
972 1196 1049 1220 non
1088 1184 1209 1220 editus
1220 1186 1279 1228 W)
1314 1183 1489 1220 Messalla
1524 1183 1635 1226 enim,

265 1242 328 1288 qui
355 1242 547 1288 ingenium
574 1243 681 1288 pueri
705 1243 894 1288 poeticum
919 1245 1063 1279 mature
1101 1246 1333 1289 cognoverat,
1372 1243 1477 1279 facile
1513 1241 1647 1288 potuit

264 1301 489 1348 opusculum
515 1301 675 1348 Vergilio
701 1302 845 1338 tradere
872 1294 1139 1338 iudicandum]
1154 1302 1326 1339 Ceterum
1350 1302 1487 1338 librum
1513 1303 1635 1338 totum

267 1358 486 1409 Catalepton
514 1361 594 1396 sine
621 1361 778 1397 minima
813 1361 1034 1407 suspicionis
1070 1362 1204 1397 umbra
1229 1361 1389 1407 Vergilio
1426 1361 1636 1397 tribuerunt

265 1419 421 1465 antiqui,
449 1420 550 1454 unde
577 1420 717 1454 factum
744 1422 810 1462 est,
837 1422 881 1455 ut
916 1420 1086 1456 falsarius
1123 1420 1197 1462 ille,
1235 1420 1299 1466 qui
1335 1420 1495 1467 epyllion
1534 1417 1644 1456 Ciris·

264 1479 425 1525 Vergilio
453 1479 661 1526 supposuit,
690 1490 762 1525 quo
789 1479 881 1515 fetui
908 1491 976 1516 suo
1004 1480 1148 1516 misello
1175 1479 1425 1526 Vergilianum
1453 1479 1557 1515 daret
1574 1490 1633 1515 co-

263 1539 393 1580 lorem,
420 1541 552 1585 praeter
587 1538 774 1581 Bucolica,
803 1538 982 1585 Georgica
1009 1541 1045 1574 et
1071 1540 1273 1575 Aeneidem
1301 1540 1412 1575 etiam
1439 1539 1536 1574 hano
1563 1538 1641 1574 ele-⁷

263 1597 362 1643 giam
390 1598 562 1634 consulto
589 1597 757 1634 imitatus
784 1598 908 1642 sinn)

384 1657 457 1693 Sed
484 1657 621 1692 summi
647 1659 702 1692 est
728 1658 920 1700 momenti,
939 1660 982 1693 ut
1009 1659 1164 1704 elegiam
1192 1659 1230 1693 in
1259 1659 1500 1704 quaestionem
1526 1669 1644 1693 voca·-

263 1719 341 1753 tam
367 1715 521 1753 tandem
548 1715 749 1762 aliquando
775 1718 874 1752 recte
898 1717 1169 1763 intellegamus.
1188 1717 1309 1762 Quare
1328 1715 1635 1753 commentationi

263 1788 355 1812 meae
383 1776 502 1811 adieci
529 1787 688 1818 carmen,
726 1776 836 1821 quod,
874 1779 918 1811 ut
951 1778 1030 1811 tota
1056 1776 1249 1823 Appendix
1276 1776 1494 1821 Vergiliana,
1521 1776 1633 1822 pessi-

263 1834 334 1871 mis
361 1834 470 1871 nobis
497 1833 675 1870 traditum
702 1838 758 1870 est
785 1835 985 1877 codicibus,
1013 1836 1102 1871 artis
1129 1835 1262 1871 criticae
1289 1846 1358 1881 ope
1394 1834 1634 1871 emendatum

263 1894 643 1940 adnotationibusque
683 1894 877 1939 exegeticis
904 1895 1137 1931 instructum.
1164 1894 1258 1930 Mihi
1284 1895 1384 1930 enim
1410 1894 1448 1929 id
1474 1894 1642 1930 maxime·

263 1953 334 1990 fuit
359 1953 608 2000 propositum,
637 1955 680 1989 ut
705 1953 803 1990 hanc
831 1954 984 2000 elegiam
1021 1947 1186 1990 virorum
1212 1953 1406 1991 doctorum
1434 1953 1642 1999 diligentiae-

262 2012 534 2055 commendem,
563 2013 705 2059 eritque
731 2013 1055 2050 vehementissime
1081 2015 1239 2059 gratum,
1258 2013 1290 2049 si
1307 2013 1368 2050 cui
1395 2024 1478 2049 eam
1504 2013 1643 2050 Ovidiov

262 2072 480 2109 certioribus
507 2072 694 2108 vindicare
722 2073 951 2119 argumentis
977 2072 1183 2119 contigerit.

381 2221 410 2256 *)
438 2220 593 2258 Catalept.
626 2220 719 2250 XIII.
751 2221 890 2250 Horatio
922 2220 1083 2250 vindicavi
1114 2222 1149 2250 in
1181 2220 1451 2250 commentatione
1483 2228 1555 2249 mea
1586 2217 1644 2249 De*

259 2269 351 2308 epodo
374 2268 506 2300 Horatii
529 2269 698 2308 Cataleptis
719 2269 845 2308 Verqilii
865 2270 977 2300 inserto
992 2270 1228 2308 (Budapestini‚
1246 2270 1430 2307 sumptibus
1452 2269 1633 2298 Academiae

259 2319 461 2348 Litterarum
484 2318 691 2355 Hungaricue,
717 2318 824 2355 1908.).

364 2367 416 2405 **)
439 2361 531 2404 Quod
555 2368 778 2397 demonstravi
799 2370 833 2398 in
856 2369 996 2398 editione
1020 2367 1102 2399 Ciris
1124 2378 1142 2398 a
1163 2378 1214 2398 me
1235 2370 1357 2404 curata,
1387 2377 1457 2406 quae
1485 2367 1643 2406 proxima

259 2427 344 2448 anno
369 2417 482 2454 (1909.)
497 2418 583 2447 inter
598 2418 756 2447 editiones
777 2417 906 2447 criticas
921 2418 1100 2448 Academiae
1116 2420 1233 2447 nostrus
1248 2418 1282 2447 in
1297 2418 1463 2457 publicum
1478 2417 1639 2457 prodibit,

937 2557 955 2584 8
