1880 3032
834 738 1187 776 CORRIGENDA.

447 896 489 932 V.
519 897 579 933 320.
618 894 835 934 Trinacriae
869 894 991 935 doetus
1027 895 1168 935 iuvenis
1194 908 1270 934 non
1297 897 1532 935 Theocritum
1558 897 1695 944 signifi·

327 958 396 999 cat,
425 956 488 992 sed
515 958 701 1003 pastorem
729 956 896 993 Siculum
927 957 1104 993 cantandi
1130 957 1311 1004 peritum3
1350 959 1396 994 cf.
1423 959 1529 1004 Verg.
1555 958 1634 996 Eol.
1658 958 1697 1001 7,

326 1016 445 1050 4—5:
494 1014 634 1050 «Ambo
672 1015 845 1051 fiorentes
882 1016 1063 1060 aetatibus,
1101 1017 1260 1053 Arcades
1297 1017 1420 1061 ambo,
1462 1018 1512 1054 Et
1547 1019 1695 1054 cantare

324 1085 431 1120 pares
457 1076 494 1110 et
518 1074 741 1120 respondere
776 1076 916 1122 parati»
957 1078 994 1112 et
1029 1075 1180 1113 Theocr.
1218 1077 1252 1120 8,
1282 1078 1316 1114 3.
1352 1077 1458 1126 ἄμφω
1483 1076 1696 1126 τώγ”ἤοτην

325 1135 552 1181 πυρροτρίχω,
580 1133 684 1182 ἄμφω
712 1133 836 1181 ἐνάβω,
864 1134 969 1184 ἄμφω
997 1135 1155 1182 συρίσδεν
1194 1136 1409 1184 δεδαημένοι,
1437 1135 1542 1186 ἄμφω
1568 1135 1695 1173 ἀείδιν.

444 1194 487 1230 V.
517 1195 573 1230 21.
604 1191 780 1231 Certatim
806 1192 990 1232 ornabant
1016 1206 1135 1232 onmes
1161 1192 1312 1233 heroida
1339 1193 1430 1239 divi,
1448 1198 1535 1232 ante
1553 1207 1605 1232 vs.
1617 1195 1695 1238 21„

326 1253 389 1299 qui
416 1265 502 1289 cum
527 1253 820 1300 praecedentibus
846 1265 980 1300 parum
1006 1256 1092 1300 apte
1119 1254 1289 1298 cohaeret,
1317 1254 1494 1291 excidisse
1521 1253 1697 1290 videntur

326 1311 469 1358 aliquot
505 1323 574 1349 ves.
613 1312 767 1359 Scripsit
804 1313 957 1349 fortasse
997 1312 1170 1350 Messalla
1208 1316 1339 1360 praeter
1377 1313 1546 1351 bucolica
1583 1312 1696 1350 etiam

327 1371 489 1417 epyllion
500 1366 561 1406 ‘de
589 1371 740 1406 heroide
767 1372 939 1416 quadam.

446 1430 490 1468 V.
518 1431 577 1467 47.
605 1428 721 1481 Saepe
747 1435 879 1469 trucem
916 1427 1065 1469 adverso
1097 1427 1243 1481 perlabi
1277 1427 1393 1468 sidere
1427 1434 1589 1480 pontum,
1615 1439 1693 1466 ver-

327 1503 410 1527 sum
436 1491 606 1527 imitatur
631 1494 762 1527 auctor
790 1489 890 1529 Civis
916 1503 968 1526 vs.
997 1491 1065 1526 76:
1099 1490 1203 1536 «Ipse.
1229 1494 1362 1527 trucem
1388 1489 1506 1525 multo
1524 1488 1695 1524 misceret

325 1549 505 1595 sanguine
529 1554 718 1599 pontum».
747 1549 801 1585 Cf.
829 1549 941 1585 etiam
970 1548 1105 1585 Catull.
1133 1549 1166 1592 4,
1187 1548 1229 1584 9:
1263 1550 1473 1584 «trucemve
1498 1546 1694 1584 Ponticum

327 1620 488 1644 smum».
