1880 3032
619 246 668 272 nn
692 246 823 272 meu
849 246 890 273 m
915 246 1136 273 munna.
1513 235 1559 271 23

200 333 291 381 tuba
317 354 470 390 qumque
496 344 575 391 lyra
601 370 610 379 .
639 371 648 380 .
678 370 687 380 .
713 343 846 380 Divitis
872 343 1137 391 omnipotentis
1162 355 1256 390 opus
1276 371 1284 379 .
1305 371 1313 380 .
1333 371 1342 379 .
1365 340 1560 381 Laudibus

199 400 432 455 aequiperare
456 405 614 451 queam»
635 423 685 429 —
701 400 854 441 humilis
879 429 889 439 .
917 430 926 439 .
954 431 963 439 .
992 399 1196 446 Camenae,⁴
1212 402 1376 439 modeste
1396 403 1562 450 loquitur

197 463 310 512 poeta
333 462 523 505 novellus:
555 462 663 500 aliter
686 461 777 499 Hor.
803 461 923 499 Car-m.
950 462 980 498 Ι.
1010 463 1066 505 12,
1094 462 1259 499 37—39:
1292 462 1495 509 «Regulum
1524 464 1562 499 et

198 521 356 560 Scauros
390 521 598 569 animaeque
634 532 778 569 magnoe
802 521 1002 568 Prodigum
1026 521 1200 558 Paullum
1226 523 1421 569 superante
1446 522 1560 558 Poeno

199 581 337 619 Gratus
370 580 513 630 insiqni
537 583 694 618 referam
721 578 919 619 Camena».
945 602 994 607 —-
1021 579 1066 618 Si
1084 579 1211 631 patrio
1241 578 1377 619 Graios
1402 579 1562 618 carmine

199 637 306 679 adire
338 639 443 684 sales,
474 641 505 677 si
533 641 605 677 hoc
631 641 792 678 carmine
817 652 902 677 meo
927 640 1061 677 Latino
1086 640 1384 687 appropinquare
1409 651 1561 686 possum

199 700 275 737 tuis
302 700 531 737 carminibus
558 700 705 737 Graecis.
731 721 781 726 -—
801 697 926 750 patrio
954 728 962 736 .
990 727 1000 736 .
1027 728 1036 736 .
1064 697 1236 742 carmine,
1257 699 1388 735 Latine
1415 699 1561 745 scripto,

199 761 243 796 ut
263 758 367 796 Ovid.
386 758 493 796 Pont.
512 759 572 796 IV.
595 760 651 805 13,
670 759 730 796 33.
749 760 807 806 (de
825 758 986 797 carmine
1004 770 1071 796 suo
1090 758 1219 797 Getica
1243 758 1371 805 lingua
1396 757 1560 806 scripto):

204 819 314 855 «Haec
340 818 406 855 ubi
431 831 508 855 non
532 817 659 869 patria
684 818 822 866 perlegi
847 819 983 866 scripta
1009 816 1207 857 Camena».
1235 839 1283 843 —
1313 816 1451 856 Graios
1476 845 1486 854 .
1515 846 1523 854 .
1551 845 1560 854 .

200 878 303 922 sales,
329 877 377 914 ad
396 876 575 914 Messallae
602 878 767 915 carmina
791 878 1037 922 referendum,
1063 877 1109 914 de
1136 878 1270 925 quibus
1296 889 1409 925 supra
1425 889 1477 914 vs.
1500 877 1560 915 14:

203 935 399 978 «Carmina
433 938 518 974 cum
554 938 681 985 lingua
714 940 795 975 tum
820 935 897 976 sale
924 935 1132 987 Cecropio».
1157 958 1205 963 —
1230 936 1363 986 pingui
1388 934 1446 974 nil
1470 935 1563 974 mihi

197 996 286 1034 oum
301 994 448 1047 pqmlo,
474 1008 541 1044 pro
568 997 715 1033 heroico
741 996 903 1033 carmine
930 997 1047 1043 elegia
1071 1007 1183 1044 parva
1200 997 1240 1032 in
1258 996 1436 1033 honorem
1453 997 1562 1032 tuum

199 1057 334 1105 scripta
359 1069 435 1094 non
461 1057 590 1095 affecto
615 1058 790 1104 plausum
812 1058 942 1104 populi
959 1057 1133 1104 imperiti,
1152 1057 1217 1104 qui
1233 1057 1396 1093 Annales
1413 1058 1561 1093 tantum

200 1116 459 1163 magniloquos
483 1127 542 1152 res
567 1116 716 1152 bellicas
743 1116 969 1152 celebrantes
995 1116 1129 1163 ‘probat
1154 1127 1274 1162 neque
1302 1115 1467 1151 carmina
1489 1115 1563 1151 ele-

199 1174 368 1222 gantiora
406 1178 444 1212 et
479 1176 692 1213 venustiora
729 1175 888 1223 (epyllia,
924 1175 1070 1222 elegias,
1108 1175 1245 1222 idyllia,
1284 1175 1562 1221 epigrammata)

201 1234 382 1271 aestimare
407 1233 540 1281 potest,
568 1235 632 1270 sed
657 1234 807 1281 probari
831 1235 914 1271 volo
932 1246 955 1270 a
972 1237 1018 1277 te,
1036 1237 1147 1281 poeta
1164 1234 1375 1270 doctissimo
1392 1245 1561 1279 poeseos-

201 1305 272 1340 que
298 1294 492 1331 neotericae
520 1295 673 1338 fautore,
702 1295 739 1330 et
763 1305 786 1330 a
801 1295 890 1331 viris
907 1295 963 1332 tui
980 1295 1173 1332 similibus,
1199 1295 1256 1330 Ita
1273 1294 1438 1341 loquitur
1454 1294 1560 1330 disci-

199 1348 311 1399 pul'us
337 1359 401 1389 τῶν
426 1355 612 1401 νεωτέρων,
638 1352 785 1397 Catulli,
801 1353 911 1398 Galli,
938 1353 1117 1402 Propertii
1144 1356 1179 1390 et
1204 1352 1353 1404 Vergilii
1365 1366 1375 1396 ;
1402 1353 1447 1389 cf.
1474 1353 1558 1389 adn.

201 1423 314 1459 supra
339 1411 386 1448 ad
412 1423 464 1448 vs.
495 1413 534 1448 1:
566 1413 708 1448 «Pauca
733 1440 743 1449 .
771 1440 780 1448 .
808 1441 817 1449 .
845 1410 952 1449 niveo
978 1414 1043 1449 sed
1070 1425 1147 1449 non
1173 1413 1361 1458 incognita
1385 1412 1561 1448 Phoebow.

201 1470 366 1518 Scriptor
390 1473 476 1508 ante
503 1471 629 1508 oculos
654 1471 786 1508 habuit
812 1472 945 1509 Catull.
965 1474 1023 1516 95,
1045 1473 1150 1509 1—2.
1169 1472 1228 1516 (de
1245 1472 1415 1518 Zmyrna,
1434 1471 1561 1508 Cinnae

202 1531 371 1578 epyllio):
403 1532 538 1567 «Parva
573 1531 647 1567 mei
681 1532 775 1568 mihi
811 1533 886 1569 sint
921 1533 1022 1569 cordi
1057 1534 1302 1569 monumenta
1332 1530 1486 1567 sodalis:
1515 1533 1563 1567 At

198 1582 357 1640 popalus
382 1590 525 1627 tumido
552 1591 710 1637 gaudeat
729 1592 971 1628 Antimacho»
1003 1594 1040 1629 et
1064 1591 1151 1628 ibid.
1172 1592 1231 1634 36,
1253 1590 1416 1627 19—20:
1439 1589 1563 1626 «Pleni

200 1647 298 1687 ruris
334 1652 371 1686 et
407 1649 654 1687 inficetiarum
685 1649 851 1690 Annales
876 1652 1016 1696 Volusi,
1054 1654 1181 1688 cacata
1217 1651 1379 1687 charta».
1405 1673 1452 1677 —
1477 1648 1561 1699 pin·

200 1707 266 1758 qui
290 1737 299 1746 .
329 1737 338 1745 .
366 1737 375 1746 .
400 1707 549 1759 populo,
576 1710 731 1757 scriptor
755 1711 913 1758 respexit
937 1711 1043 1757 Verg.
1071 1709 1186 1747 Gatal.
1214 1711 1248 1753 5,
1275 1710 1319 1746 4:
1343 1708 1560 1747 «Scholasti-

203 1780 331 1806 corum
361 1768 464 1807 natio
488 1769 644 1806 madens
670 1768 836 1819 pinqui».
880 1770 962 1806 Hoc
987 1771 1069 1806 looo
1093 1767 1243 1819 pinquis
1269 1769 1426 1805 stultum
1451 1767 1562 1814 signi-

201 1828 299 1870 ficat,
339 1829 382 1863 ut
408 1827 512 1864 Ovid.
539 1828 626 1865 Met.
656 1829 719 1865 XI.
746 1829 824 1869 482,
860 1826 1022 1877 «Pinyue
1060 1827 1123 1863 sed
1162 1827 1353 1874 ingenium
1391 1826 1562 1863 mansit».

201 1886 344 1924 Eodem
379 1898 491 1923 sensu
528 1887 618 1924 Hor.
656 1887 732 1925 Sat.
768 1888 798 1924 Ι.
836 1888 869 1931 3,
907 1888 977 1924 58:
1008 1887 1145 1924 «Turdo
1181 1898 1397 1933 cognomen,
1432 1883 1565 1935 pinqui

203 1946 371 1990 damus»,
407 1946 496 1982 ibid.
523 1947 569 1983 H.
597 1947 632 1990 6,
662 1947 827 1983 14-152
859 1945 1021 1995 «Pingue
1054 1958 1167 1993 pecus
1203 1945 1353 1981 domino
1389 1945 1503 1981 facias
1529 1947 1566 1980 et

202 2006 324 2042 cetera
348 2007 481 2052 praeter
506 2003 720 2055 Ingenium»
752 2008 789 2043 et
813 2005 903 2044 ibid.
929 2005 976 2042 H.
1004 2006 1038 2050 2,
1066 2006 1108 2042 3:
1141 2016 1349 2056 «crassaque
1362 2004 1564 2047 Minervam

209 2064 284 2102 Cic.
319 2065 407 2101 Lael.
445 2067 480 2108 5,
522 2066 587 2101 19:
622 2063 774 2115 «pingui
797 2065 1000 2102 Minerva».
1027 2065 1080 2102 Cf.
1108 2066 1248 2102 Phaedr,
1275 2065 1368 2111 prol.
1393 2064 1476 2099 libr.
1502 2064 1564 2099 IV.

206 2123 370 2162 17-202
396 2123 509 2161 «Mihi
534 2125 641 2171 parta
665 2124 748 2161 laus
774 2126 840 2168 est,
868 2124 967 2172 quod
993 2126 1047 2169 tu,
1074 2124 1175 2172 quod
1192 2123 1329 2161 similes
1346 2122 1402 2160 tui
1419 2122 1566 2159 Vestras

203 2184 243 2220 in
279 2183 425 2222 chartas
459 2184 570 2221 verba
598 2185 805 2222 transfertis
831 2196 915 2222 mea
941 2212 949 2221 .
979 2213 988 2221 .
1016 2211 1025 2220 .
1051 2185 1272 2221 Illiteratum
1297 2183 1471 2230 plausum
1497 2193 1566 2218 nec

206 2241 411 2280 desidero».

852 2608 907 2639 ·23
