1880 3032
667 245 717 269 nn
739 244 872 270 nmen
895 245 937 270 m
962 245 1184 271 reassumam.
1584 236 1606 274 5

219 331 221 333 ,
243 345 438 390 fotumque
464 342 578 379 fuisse
604 353 681 379 non
708 342 788 379 sine
814 342 989 389 superbia
1013 345 1159 385 κιαι-ηις
1187 345 1233 380 cf.
1252 343 1358 381 Trist.
1376 346 1437 382 IV.
1456 347 1490 387 4,
1511 347 1608 382 29-

247 403 306 439 32.
333 402 393 446 (ad
418 402 695 445 Messalinum:

482 469 721 508 Ingeniumque
741 478 851 499 meum
871 484 911 491 —
931 470 1024 508 potes
1044 469 1106 499 hoe
1127 470 1315 500 meminisse
1336 488 1375 494 -—-
1396 472 1552 510 probabat

521 519 599 548 Plus
619 519 728 555 etiam,
749 526 847 556 quem
870 526 922 548 me
942 518 1048 548 iudice
1068 518 1186 557 dignus
1207 528 1306 555 eram,

483 569 594 606 Deque
615 568 696 597 meis
717 568 775 597 illo
796 568 953 598 referebat
973 568 1121 598 versibus
1142 577 1206 604 ore,

523 618 563 648 Iu
584 628 647 656 quo
667 626 744 657 pars
764 627 890 656 magno
910 618 1090 648 nobilitatis
1111 621 1190 649 erat.

364 700 486 736 Locus
511 699 627 735 mirus
653 702 709 736 est
734 700 772 735 in
799 699 915 745 elegia
940 699 988 735 ad
1014 699 1225 736 Messallam
1250 711 1321 735 vss.
1347 699 1519 744 43—44.,
1546 701 1612 736 ubi

246 762 354 806 poeta
380 759 550 795 maximis
576 759 757 795 Messallae
790 759 830 794 in
865 770 945 795 rem
980 759 1168 805 publicam
1203 759 1343 795 meritis
1378 759 1612 802 adnumerat,

247 819 347 866 quod
373 821 492 855 castra
517 819 625 855 toties
652 819 731 856 foro
757 818 1000 866 praeposuerit
1024 819 1193 866 bellaque
1218 819 1371 865 gesserit
1387 821 1465 856 tam
1482 820 1612 867 procul

247 892 268 915 a
294 878 372 915 filio
398 878 475 921 tali,
505 879 624 925 qualis
651 879 700 914 sit
718 879 797 914 eius
815 879 926 921 filius,
944 881 982 914 et
999 879 1045 913 ab
1063 879 1155 914 urbe
1172 879 1250 921 tali,
1269 879 1389 925 qualis
1407 879 1455 915 sit
1471 880 1609 915 Roma:

486 956 599 986 Castra
619 956 689 986 foro
709 957 816 992 toties,
837 955 910 986 urbi
931 965 1118 995 praeponere
1139 958 1254 993 castra,
1364 987 1367 989 ,

524 1007 603 1036 Tam
624 1007 737 1045 procul
758 1006 813 1036 hoc
830 1005 934 1046 ynam,
955 1008 1023 1036 tam
1044 1007 1157 1044 procul
1177 1007 1237 1036 hac
1258 1006 1371 1044 patria.

366 1086 634 1133 Interpretibus
660 1087 882 1134 quibusdam
919 1089 996 1123 tam
1031 1086 1158 1133 inepta
1194 1086 1388 1124 videbatur
1424 1087 1494 1124 hoc
1530 1087 1612 1124 loco

248 1148 316 1183 filii
341 1146 520 1183 Messallae
547 1146 861 1188 commemoratio,
880 1149 922 1182 ut
944 1157 1092 1182 versum
1118 1146 1315 1182 emendare
1341 1148 1612 1193 temptaverint,

249 1210 291 1243 ut
325 1218 369 1242 ex
405 1208 585 1253 apparatu
622 1205 748 1241 critico
785 1205 957 1241 editionis
993 1206 1155 1241 cuiusvis
1190 1209 1362 1253 apparet;
1402 1207 1466 1243 sed
1500 1205 1615 1253 plana

252 1267 350 1302 fiunt
384 1265 520 1307 omnia,
558 1265 590 1300 si
627 1264 882 1306 Messalinum,
919 1256 1099 1300 Messallae
1135 1265 1254 1300 fllium
1289 1265 1480 1309 maiorem,
1517 1266 1614 1302 circa

250 1336 392 1361 anuum
419 1325 477 1360 27.
504 1323 580 1360 iam
607 1323 757 1370 egregiae
785 1323 863 1370 spei
888 1334 1046 1371 puerum
1072 1325 1109 1359 et
1134 1323 1265 1360 Ovidio
1283 1335 1306 1360 a
1325 1335 1442 1371 puero
1468 1325 1611 1361 amicis-

252 1385 389 1421 simum
415 1384 528 1419 fuisse
554 1383 703 1419 scimus.
730 1384 836 1426 Nam,
864 1383 895 1418 si
921 1383 991 1419 hoc
1027 1394 1174 1419 carmen
1211 1383 1364 1419 Ovidius
1399 1385 1612 1421 adulescen-

251 1444 352 1480 tulus
379 1442 535 1490 scripsit,
563 1444 660 1478 certe
686 1442 822 1478 mirum
848 1454 925 1479 non
951 1444 1007 1479 est
1032 1454 1118 1479 eum
1144 1453 1220 1479 non
1259 1442 1381 1480 solum
1416 1444 1524 1491 patri,
1550 1445 1614 1481 sed

252 1504 364 1540 etiam
390 1503 480 1545 filio,
508 1503 627 1538 amico
655 1505 691 1538 et
717 1503 853 1538 fautori
879 1514 958 1545 suo,
986 1502 1132 1538 adulari
1157 1503 1338 1545 voluisse;
1366 1503 1412 1540 cf.
1438 1504 1554 1551 Epist.
1573 1517 1616 1540 ex

252 1564 359 1599 Pont.
385 1563 432 1599 H.
461 1562 494 1598 3.
513 1573 584 1598 vss.
613 1562 771 1598 79—80.
798 1562 858 1605 (ad
884 1561 1087 1598 Maximum
1113 1561 1271 1613 Cottam,
1298 1562 1418 1599 filium
1436 1564 1616 1601 Messallae

253 1625 468 1666 mmorem)·
490 1671 566 1705 Nec,
587 1679 650 1707 quo
672 1670 715 1699 sit
736 1650 881 1707 primum
902 1670 995 1699 nobis
1017 1678 1036 1699 a
1055 1671 1202 1708 tempore
1224 1670 1341 1706 cultus,

530 1719 695 1748 Contendo
715 1719 849 1748 fratrem
863 1723 965 1757 *posse
986 1720 1104 1748 referre
1124 1721 1227 1749 tuum.

372 1791 552 1826 Praeterea
586 1789 625 1824 in
663 1789 890 1825 carminibus
928 1789 967 1825 in
1005 1789 1111 1825 exilio
1148 1790 1303 1836 scriptis,
1340 1791 1405 1826 ubi
1440 1793 1617 1838 patronos

253 1850 394 1896 quaerit,
422 1850 485 1895 qui
510 1861 577 1895 pro
604 1860 642 1885 se
668 1850 876 1895 Augustum
903 1851 1064 1890 exorent,
1082 1860 1160 1884 non
1178 1850 1293 1885 semel
1310 1850 1358 1885 ad
1376 1849 1617 1886 Messalinum

254 1909 365 1946 verba
391 1908 514 1955 dirigit
541 1920 701 1955 eumque
727 1907 860 1944 veteris
887 1908 1057 1945 amicitiae
1084 1909 1388 1951 commonefacit:
1426 1910 1473 1947 cf.
1498 1910 1616 1957 Epist.

256 1982 298 2005 ex
321 1970 429 2005 Pont.
455 1969 484 2004 Ι.
512 1969 546 2011 7,
577 1969 740 2003 17--18:

492 2041 543 2070 Me
565 2040 730 2075 miserum,
752 2041 779 2068 si
801 2041 836 2068 tu
858 2039 962 2069 verbis
985 2039 1156 2069 offenderis
1176 2039 1248 2069 istis

463 2087 465 2089 ’
533 2092 663 2128 Nosque
683 2098 783 2127 negas
804 2089 872 2118 ulla
892 2091 983 2127 parte
1004 2089 1103 2119 fuisse
1123 2091 1213 2124 tuos;

256 2165 394 2202 ibidem
420 2177 491 2201 vss.
519 2164 668 2200 23—24
680 2177 688 2199 :

493 2229 558 2259 Nec
579 2230 688 2258 tamen
709 2227 872 2266 inrumpo,
892 2236 955 2265 quo
976 2237 1041 2257 non
1062 2228 1136 2257 licet
1157 2227 1222 2263 ire;
1244 2228 1387 2266 satisque
1408 2231 1467 2266 est,

533 2278 625 2307 Atria
646 2279 673 2307 si
694 2278 787 2306 nobis
807 2286 874 2306 non
895 2278 1040 2316 patuisse
1061 2287 1177 2315 negas;

258 2354 346 2390 ibid.
371 2354 421 2391 11.
450 2355 484 2397 9,
515 2352 730 2388 103—104:

731 2423 740 2431 .
754 2423 761 2430 .
777 2423 786 2432 .
800 2410 858 2430 nec
879 2403 915 2431 tu
935 2402 1026 2439 potes
1049 2401 1118 2439 ipse
1139 2410 1257 2439 negare

534 2453 575 2482 Et
596 2461 655 2482 nos
675 2452 710 2481 in
730 2452 833 2481 turbae
854 2453 945 2489 parte
965 2451 1065 2481 fuisse
1085 2452 1165 2481 tuae:

494 2502 623 2540 Ingenii
644 2503 739 2537 certe,
760 2510 823 2538 quo
844 2510 904 2530 nos
925 2501 1009 2530 male
1031 2502 1192 2531 sensimus
1213 2508 1300 2537 usos,

534 2550 662 2581 Artibus
682 2551 833 2588 exceptis,
854 2558 938 2588 saepe
958 2549 1112 2588 probator
1132 2559 1214 2581 erae.

930 2611 950 2640 5
