1880 3032
739 718 1155 758 ADNOTATIONES.

329 868 332 871 ’
364 868 366 870 ’
384 867 427 904 V.
458 870 564 904 1—92.
590 865 719 905 Pauca
739 894 748 903 .
767 895 775 904 .
796 895 805 903 .
824 866 927 914 niveo
952 867 1014 905 sed
1038 880 1113 906 non
1140 867 1325 917 incoquita
1343 866 1496 911 Phoebo,
1517 871 1629 915 poeta

262 941 340 966 non
367 927 448 964 vult
472 927 626 973 longum
652 928 843 964 heroicum
870 940 1018 964 carmen
1036 928 1204 971 scribere,
1223 928 1287 964 sed
1306 928 1460 974 elegiam
1477 919 1627 964 brevem

265 1000 361 1026 nova
385 1000 539 1036 poeseos
565 990 642 1025 arte
667 988 851 1034 insignem
877 988 924 1025 ad
951 989 1160 1036 exemplum
1178 988 1315 1026 Catulli
1339 991 1378 1025 et
1403 990 1626 1026 sectatorum

264 1049 356 1092 eius,
387 1048 451 1095 qui
476 1050 669 1095 poetarum
695 1048 1027 1084 Alexandrinorum
1053 1049 1206 1095 vestigia
1231 1050 1393 1094 legentes
1418 1049 1626 1102 Annalibus

264 1109 378 1146 Ennii
403 1111 440 1145 et
464 1110 630 1145 veterum
657 1108 877 1155 scriptorum
902 1109 1147 1155 praeferebant
1173 1110 1338 1145 carmina
1364 1107 1542 1151 breviora,
1561 1107 1626 1144 sed

264 1168 499 1215 elegantiora,
537 1169 560 1204 i.
588 1180 620 1204 e.
647 1165 793 1214 epyllia,
831 1168 966 1213 elegias
996 1171 1033 1205 et
1058 1170 1335 1215 epigrammata.
1377 1170 1472 1204 Ante
1499 1169 1626 1205 oeulos

263 1228 394 1263 habuit
412 1227 549 1263 Catulli
575 1238 686 1262 earm.
705 1228 764 1263 95.
784 1227 829 1262 de
852 1227 1022 1272 Zmyrna,
1051 1227 1177 1263 Cinnae
1204 1229 1360 1274 epyllio:
1392 1228 1528 1263 «Parva
1553 1227 1626 1262 mei

263 1285 355 1324 mihi
381 1287 457 1323 sint
482 1286 582 1323 cordi
607 1287 852 1323 monumenta
878 1287 1036 1324 sodalis:
1062 1288 1111 1323 At
1126 1288 1288 1334 populus
1306 1287 1450 1323 tumido
1468 1286 1628 1332 gaudeat

263 1346 505 1382 Antimacho»
537 1347 573 1380 et
589 1345 695 1391 Verg.
713 1345 790 1382 Eel.
810 1346 1025 1388 6,11—12:
1052 1346 1110 1390 (de
1136 1346 1264 1393 idyllio
1291 1358 1358 1382 suo
1377 1345 1626 1392 Euphorionis

262 1406 436 1453 epyllia*)
472 1403 713 1448 celebrante):
755 1417 844 1441 cneo
870 1403 1011 1443 Phoebo
1044 1404 1184 1455 qratior
1214 1407 1291 1442 ulla
1317 1408 1381 1448 est,
1410 1406 1531 1450 Quam
1554 1405 1626 1441 sibi

263 1477 345 1513 quae
372 1465 458 1502 Vari
483 1465 704 1512 praesoripsit
728 1465 862 1512 pagina
887 1477 1061 1502 nomen».
1088 1465 1267 1502 Gfiinfra
1292 1465 1378 1501 adn.
1405 1465 1452 1501 ad
1478 1476 1531 1500 vs.
1558 1464 1624 1500 64:

269 1526 420 1572 «pingui
446 1525 500 1561 nil
525 1525 619 1560 mihi
645 1536 731 1560 eum
754 1525 933 1572 populo».
950 1546 1000 1551 —
1017 1523 1146 1562 Pauca
1171 1523 1290 1562 mihi.
1341 1523 1496 1561 .Pauca
1523 1521 1626 1566 mihi,

261 1587 302 1621 ut
328 1585 400 1622 hoc
425 1585 519 1627 loco,
547 1585 659 1620 verba
684 1585 723 1620 in
750 1584 960 1621 hexametro
985 1585 1107 1632 posita
1131 1585 1312 1622 iterantur
1337 1585 1376 1620 in
1394 1586 1625 1631 pentametro

260 1657 331 1682 vss.
357 1646 394 1688 4,
424 1645 480 1687 12,
510 1645 567 1687 14,
598 1645 653 1685 16,
681 1644 740 1687 22,
768 1645 828 1687 32,
853 1640 914 1688 40,
936 1645 996 1688 48,
1014 1639 1075 1685 52,
1095 1646 1153 1681 58.
1180 1646 1292 1681 Poeta
1318 1645 1431 1691 igitur
1455 1644 1625 1680 novellus

261 1705 330 1740 hac
355 1704 474 1750 figura
498 1704 680 1750 puerilem
705 1704 745 1739 in
771 1703 926 1740 modum
951 1698 1126 1740 abutitur.
1153 1725 1201 1729 —
1227 1704 1332 1741 niveo
1360 1732 1368 1740 .
1398 1732 1405 1740 .
1433 1700 1624 1745 wPhoebo

260 1764 308 1800 ad
344 1763 608 1810 sempiternam
638 1763 769 1798 Phoebi
804 1764 1037 1799 iuventutem
1072 1764 1328 1806 referendum;
1366 1765 1411 1799 of.
1448 1763 1623 1809 Lygdam-

259 1824 295 1867 4,
323 1825 381 1861 30.
408 1824 467 1868 (de
503 1835 654 1870 corpore
679 1823 844 1867 Phoebi):
885 1823 954 1859 «Et
979 1824 1080 1860 color
1104 1824 1145 1859 in
1171 1824 1280 1860 niveo
1308 1834 1459 1871 corpore
1484 1833 1622 1870 purpu-

258 1895 380 1925 reus»;
407 1883 571 1930 Propert.
598 1883 644 1918 ΙΙ.
675 1883 731 1925 13,
760 1882 829 1918 53:
860 1883 1030 1919 «niveum
1058 1911 1066 1919 .
1094 1911 1103 1918 .
1131 1909 1141 1919 .
1168 1883 1373 1926 Adonem»;
1402 1883 1507 1927 Verg.
1531 1883 1622 1917 Aen.

259 1943 323 1979 XI.
342 1944 406 1979 39:
431 1945 562 1989 «caput
581 1970 589 1978 .
610 1969 618 1978 .
637 1968 646 1978 .
666 1942 765 1978 nivei
782 1942 996 1979 Pallantis».
1015 1962 1063 1967 —
1080 1940 1142 1979 sed
1162 1951 1239 1980 ‘non
1265 1940 1450 1990 incoquita
1469 1937 1621 1981 Phoebo,

260 2014 340 2048 quae
367 2003 527 2038 Phoebus
553 2013 621 2037 sua
647 2013 726 2037 esse
752 2003 958 2047 eognoscat,
986 2012 1025 2037 se
1049 2002 1160 2047 digna
1177 2002 1325 2037 iudicet.
1352 2001 1494 2037 Eodem
1512 2011 1624 2035 sensu

259 2061 413 2098 verbum
438 2058 670 2110 coqnoscendi
695 2061 847 2108 ponitur
872 2061 971 2107 apud
999 2060 1103 2097 Ovid.
1130 2061 1236 2097 Pont.
1263 2061 1328 2097 111.
1355 2062 1389 2104 2,
1418 2060 1623 2097 103—106.

257 2121 317 2164 (ad
343 2121 491 2157 Cottam
517 2121 696 2157 Messallae
732 2120 884 2164 filium):
917 2120 1051 2163 «Adde,
1089 2121 1187 2167 quod
1218 2123 1274 2157 est
1299 2121 1448 2155 animus
1475 2130 1622 2165 semper

378 2250 407 2288 *)
439 2249 602 2289 Vergilius
632 2251 667 2279 in
699 2251 808 2288 ecloga
839 2252 927 2280 sexta
958 2251 1034 2280 inde
1055 2260 1074 2280 a
1094 2261 1142 2282 vs.
1162 2251 1211 2281 31.
1231 2260 1334 2288 usque
1356 2249 1397 2280 ad
1417 2249 1516 2279 finem
1537 2249 1620 2279 nihil

258 2301 347 2330 aliud
368 2300 431 2330 sibi
450 2301 629 2339 proposuit,
650 2301 715 2330 nisi
735 2303 772 2330 ut
793 2301 914 2339 epyllia
928 2301 1149 2339 Euphorionis
1167 2302 1350 2339 excerperet
1372 2302 1467 2338 atque
1490 2301 1619 2329 demon-

216 2359 222 2364 ·
260 2350 378 2378 straret
398 2350 593 2386 magistrum
614 2349 708 2378 illum
736 2351 792 2378 τῶν
814 2349 964 2388 νεωτέρων,
988 2349 1150 2388 praeeipue
1173 2350 1269 2379 amici
1292 2351 1342 2379 sui
1364 2349 1503 2379 Cornelii
1525 2348 1620 2381 Galli,

259 2399 394 2437 dignum
425 2408 495 2429 esse
515 2399 706 2438 imitatione
733 2409 837 2437 neque
867 2401 953 2430 reete
980 2399 1141 2430 iudicasse
1163 2400 1359 2435 Ciceronem,
1381 2399 1436 2436 qui
1457 2397 1620 2428 Catullum

259 2447 427 2485 sociosque
455 2444 668 2486 Tus0.‘Disp.
695 2448 769 2478 VH.
800 2449 847 2484 19,
873 2448 923 2478 45.
950 2453 1087 2479 cantores
1106 2448 1315 2488 Euphorionis
1334 2447 1527 2486 appellando
1548 2446 1619 2475 irri-

257 2496 363 2526 sisset.
386 2495 555 2534 copiosius
585 2497 623 2525 de
650 2497 711 2525 hae
739 2506 773 2526 re
801 2496 973 2535 disputabo
1001 2497 1036 2526 in
1056 2498 1165 2527 libello
1187 2496 1235 2527 De
1253 2502 1337 2527 sacta
1364 2495 1491 2535 Vergilii
1509 2495 1620 2535 selaya,

255 2545 437 2577 Academiae
458 2545 657 2576 Litterarum
678 2546 872 2584 Hungarieae
894 2555 969 2575 mox
988 2548 1208 2585 proponenda
1478 2563 1481 2565 v

920 2605 955 2636 11
