1880 3032
260 204 308 243 10
787 216 901 242 omas
926 208 1112 244 anun-rm.

408 314 491 351 Non
517 314 672 351 defensa
697 312 762 350 diu
789 314 908 352 multo
935 312 1135 352 certamine
1162 327 1355 362 equorum,

339 390 373 412 ω
460 374 652 421 Optabant
677 374 810 412 Graiae·
827 386 940 422 quam
966 375 1038 412 sibi
1063 387 1219 423 quaeque
1248 387 1393 420 manus,

408 433 513 481 Saepe
541 433 708 470 animam
733 434 860 481 generi
884 446 952 482 pro
979 446 1053 482 qua
1077 437 1184 483 pater
1207 434 1345 482 impius
1370 434 1511 480 hausit,

461 493 569 541 Saepe
593 494 707 531 rubro
733 494 834 531 Eleis
860 494 1041 541 sanguine
1067 494 1174 531 fluxit
1199 494 1361 539 humus;

408 553 526 601 Regia.
552 565 628 591 non
656 553 812 599 Semele,
841 566 918 591 non
943 554 1092 591 Inachis
1119 554 1320 599 Acrisium,

459 614 650 650 Immitem
678 616 832 661 expertae
859 614 1015 651 fulmine
1041 616 1078 650 et
1103 614 1221 650 imbre
1247 614 1373 651 Iovem
1385 627 1396 659 ;

344 690 376 712 su
414 674 498 711 Non
525 674 642 710 cuiusi
660 674 707 710 ob
733 675 883 721 raptum
908 673 1010 720 pulsi
1033 671 1173 720 liquere
1200 675 1356 720 penates

462 734 654 781 Tarquinii
678 733 829 781 patrios,
857 733 955 769 filius
982 735 1093 779 atque
1119 735 1236 779 pater,

412 793 482 829 Illo
511 804 584 840 quo
610 792 774 839 primum
801 791 1016 828 dominatus
1042 793 1163 828 Roma.
1188 792 1368 838 superbos

463 851 624 888 Mutavit
649 850 804 898 placidis
829 853 997 897 tempore
1025 851 1253 887 consulibus.

414 911 535 947 Multa
561 922 681 957 neque
707 910 903 947 immeritis
929 910 1084 947 donavit
1108 910 1261 957 praemia
1284 909 1458 954 alumnis,

347 987 379 1011 ιο
464 970 621 1007 Praemia
645 969 828 1008 Messallis
853 969 1017 1007 maxima.
1042 969 1253 1007 Publicolis.

416 1150 510 1185 Nam
538 1150 627 1196 quid
654 1161 721 1196 ego
748 1150 921 1186 immensi
947 1161 1151 1187 memorem
1178 1151 1303 1187 studia
1328 1150 1399 1187 ista
1424 1150 1591 1187 laboris?

466 1208 627 1244 Horrida
656 1209 745 1255 quid
773 1209 874 1244 durae
900 1211 1072 1256 tempora.
1097 1209 1266 1245 militiae‘?

418 1267 548 1304 Castra
574 1267 653 1304 foro
681 1268 802 1312 toties,
829 1268 914 1305 urbi
939 1280 1153 1316 praeponere
1180 1267 1311 1311 castra,

469 1327 559 1362 Tam
586 1327 716 1373 procul
743 1327 813 1363 hoc
839 1329 964 1373 gnato,
991 1330 1069 1364 tam
1096 1328 1226 1374 procul
1252 1328 1321 1364 hac
1347 1328 1495 1375 patria?

353 1401 383 1423 ιε
420 1385 672 1422 Immoderata
696 1387 776 1433 pati
801 1386 876 1423 iam
903 1387 1036 1433 frigora
1061 1387 1209 1434 iamque
1236 1388 1403 1424 calores?

471 1445 643 1481 Sternere
668 1446 727 1481 vel
753 1445 847 1482 dura
871 1458 979 1493 posse
1006 1458 1118 1494 super
1142 1447 1244 1483 silice
1258 1450 1275 1483 ἱ)

421 1505 526 1552 Saepe
553 1507 695 1541 trucem
721 1505 876 1541 adverso
901 1505 1045 1552 perlabi
1070 1506 1189 1541 sidere
1215 1508 1403 1552 pontum?

470 1563 574 1611 Saepe
601 1575 703 1600 mare
729 1564 902 1601 audendo
929 1564 1086 1606 vincere,
1113 1576 1208 1612 saepe
1236 1565 1424 1602 hiemem?

422 1624 525 1670 Saepe
553 1624 665 1660 etiam
693 1623 828 1660 densos
855 1624 1054 1661 immittere
1081 1636 1215 1671 corpus
1240 1625 1280 1661 in
1306 1625 1430 1661 hostes

355 1700 388 1721 50
475 1683 720 1720 Communem
746 1683 834 1719 belli
860 1695 929 1720 nec
955 1684 1168 1720 meminisse
1194 1684 1334 1720 deum?

422 1743 529 1778 Nunc
557 1743 692 1778 celeres
719 1743 838 1784 Afros,
865 1743 1020 1789 periurae
1046 1743 1151 1778 milia
1175 1743 1307 1789 gentis,

471 1803 593 1838 Aurea
619 1814 721 1838 nunc
747 1802 867 1849 rapidi
892 1802 1052 1839 flumina.
1077 1803 1177 1839 adire
1204 1802 1318 1849 Tagi?

421 1863 530 1898 Nunc
556 1862 668 1898 aliam
695 1873 738 1897 ex
763 1862 838 1898 alia
863 1862 1038 1898 bellando
1065 1873 1227 1908 quaerere
1256 1863 1404 1907 gentem

470 1921 627 1956 Vincere
653 1923 690 1956 et
716 1921 853 1957 Oceani
879 1921 1017 1957 finibus
1044 1921 1227 1957 ulterius?

354 1998 386 2017 ω
424 1981 508 2015 Non
535 1983 706 2015 nostrum
733 1982 788 2015 est
823 1981 958 2021 tantas,
986 1991 1075 2023 non,
1102 1981 1267 2026 inquam,
1295 1980 1474 2025 attingere
1499 1979 1649 2025 laudes,

473 2038 571 2083 Quin
599 2038 720 2074 ausim
747 2038 818 2074 hoc
845 2038 958 2075 etiam
985 2038 1118 2081 dicere,
1144 2038 1204 2074 vix
1229 2037 1425 2074 hominum
1452 2040 1519 2075 est.

423 2099 509 2145 Ipsa
534 2098 612 2133 haec
639 2100 689 2140 se,
717 2098 798 2144 ipsa
824 2099 944 2134 ferent
968 2109 1093 2134 rerum
1120 2099 1366 2134 monumenta
1401 2109 1468 2144 per
1503 2098 1650 2143 orbem,

471 2157 556 2204 Ipsa
582 2157 653 2193 sibi
680 2157 868 2203 egregium
894 2157 992 2194 facta.
1017 2157 1130 2194 decus
1155 2157 1313 2204 parient.

422 2217 495 2253 Nos
523 2227 576 2259 ea,
605 2228 685 2263 quae
711 2218 836 2252 tecum
862 2217 1051 2252 finxerunt
1076 2217 1243 2253 carmina
1268 2216 1354 2258 divi,

355 2294 388 2314 oo
474 2275 657 2322 Cynthius
685 2279 722 2312 et
747 2277 876 2319 Musae,
903 2277 1073 2312 Bacchus
1100 2279 1138 2311 et
1163 2276 1301 2321 Aglaie,

423 2335 463 2371 Si
488 2335 599 2371 laude
627 2335 850 2381 aequiperare
879 2335 1042 2378 humilis,
1069 2334 1252 2377 Messalla,
1280 2334 1462 2377 Camenae,

474 2393 512 2430 Si
537 2394 658 2441 patrio
686 2394 817 2431 Graios
844 2395 1005 2431 carmine
1032 2394 1133 2430 adire
1159 2394 1254 2430 sales

422 2455 637 2496 Possumus,
665 2454 799 2500 optatis
826 2455 911 2500 plus
937 2454 1013 2490 iam
1038 2453 1273 2500 procedimus
1304 2453 1405 2499 ipsis.

472 2513 555 2550 Hoc
582 2513 671 2550 satis
698 2515 774 2557 est;
801 2514 932 2561 pingui
958 2513 1011 2549 nil
1037 2512 1132 2550 mihi
1158 2523 1244 2549 cum
1269 2511 1423 2560 populo.

943 2582 979 2611 10
