1880 3032
639 243 687 266 nn
712 236 843 267 annon
857 239 908 267 'm
934 242 1155 268 mmm.
1533 231 1582 267 15

213 337 395 378 iactantes?
418 339 426 376 ζ
454 367 464 376 .
490 367 500 376 .
528 336 704 383 carmina,
745 352 787 376 ex
812 341 919 386 Verg.
945 339 1022 376 Ecl.
1051 341 1085 382 Ξ,
1112 341 1221 376 4—-5,
1248 339 1306 383 (de
1331 343 1443 377 cantu
1469 339 1579 387 Coi-y}

216 396 357 443 donis).
365 424 369 427 -
391 399 489 436 «haeo
515 395 709 436 incondita
734 400 835 435 solus
860 398 1055 435 Montibus
1081 401 1118 435 et
1143 398 1244 435 silvis
1270 399 1392 436 studio
1418 396 1583 437 iactabat

214 457 371 496 inani·
381 480 432 485 —
457 457 597 497 alterno
634 457 803 497 carmina
838 470 952 502 versu,
989 459 1111 505 agitur
1135 458 1191 496 de
1221 459 1421 496 certamine
1447 461 1584 496 cantus

214 517 329 565 apud
340 512 515 565 pastores
532 512 680 562 usitato,
707 519 730 554 i.
757 529 790 554 e.
817 518 863 553 de
889 517 1052 554 carmine
1079 519 1270 554 amoebaeo.
1289 538 1337 543 --
1355 516 1521 555 alterno.

214 588 329 622 versu,
357 589 400 614 ex
425 577 531 625 Verg.
554 572 876 622 E01.7,18-19:
908 575 1093 616 «Alternis
1118 578 1230 624 igitur
1255 578 1480 614 contendere
1505 589 1583 616 ver

215 635 314 674 sibus
340 638 450 673 ambo
470 637 632 702 Goepere3
660 635 817 674 alternos
834 637 949 672 Musae
975 637 1189 672 meminisse
1206 637 1412 672 volebant».
1434 657 1482 662 —
1500 634 1584 685 Tri<

214 693 476 734 naariae..
502 694 655 739 iuvenis,
682 689 909 739 Theocritus,
945 698 1056 743 poeta
1081 695 1240 739 Siculus,
1269 694 1444 733 carminis
1470 695 1583 733 buco·

217 755 280 791 lici
305 756 498 802 princeps.

335 815 378 851 V.
407 815 565 851 ΞῙ-ΞΞ,
607 812 783 853 Certatim
808 809 990 853 ornabant
1015 826 1135 853 omnes
1161 813 1311 853 heroida
1339 812 1428 858 divi,
1458 811 1583 852 certa·

216 873 282 912 tim
317 872 425 912 divae
461 886 604 912 munere
640 885 797 925 quaeque
831 887 907 919 suo,
945 875 1146 911 cantabant
1176 875 1288 921 igitur
1312 876 1478 922 pastores
1504 886 1581 910 car·

218 933 318 971 mine
344 935 521 971 amoebaeo
547 935 587 970 in
615 935 774 971 eundem
800 936 875 971 fere
901 935 1067 979 modum,
1086 946 1160 982 quo
1178 935 1217 971 in
1230 935 1273 972 V.
1288 934 1438 980 Vergilii
1456 925 1587 980 ecloga

217 994 406 1030 Menalcas
432 996 469 1030 et
495 994 648 1042 Mopsus
674 994 885 1041 Daphnidis
910 994 1039 1031 laudes
1065 997 1217 1037 canunt,
1244 994 1289 1030 de
1315 994 1466 1030 heroide
1493 1005 1581 1040 qua-

219 1053 319 1097 dam,
341 1061 459 1100 'quam
487 1054 539 1089 dii
565 1054 740 1090 omnibus
767 1054 929 1100 corporis
946 1054 1157 1100 ingeniique
1176 1054 1325 1090 dotibus
1344 1044 1584 1090 exornabant.

219 1112 359 1149 Auctor
384 1112 508 1158 elegiae
534 1115 620 1148 ante
647 1113 775 1149 oculos
801 1113 973 1149 habuisse
999 1113 1146 1149 videtur
1163 1113 1268 1159 Verg.
1288 1113 1403 1149 Catal.
1419 1114 1453 1156 4,
1467 1114 1585 1149 5—6:

225 1171 315 1208 «Cui
342 1171 469 1208 iuveni
494 1174 581 1208 ante
607 1172 700 1208 alios
726 1170 806 1209 divi
831 1170 1023 1222 divumque
1048 1182 1183 1210 sorores
1202 1172 1354 1216 Cuncta,
1381 1183 1501 1219 neque
1527 1172 1584 1208 in·

221 1226 334 1279 digno
363 1260 372 1269 .
399 1260 409 1269 .
437 1260 447 1269 .
475 1232 607 1269 dedere
633 1233 754 1269 bona»
785 1235 822 1269 et
846 1233 1010 1279 Propert.
1037 1233 1063 1268 I.
1095 1233 1127 1276 Ξ,
1157 1233 1314 1269 Ξ7-30,
1340 1233 1398 1277 (de
1425 1232 1589 1280 Cynthia

221 1293 319 1336 sua):
352 1291 466 1328 :Cum
492 1292 561 1328 tibi
585 1293 788 1339 praesertim
808 1290 971 1329 Phoebus
996 1304 1064 1328 sua.
1091 1293 1256 1329 carmina
1281 1293 1394 1329 donet
1410 1292 1584 1328 Aoniam·

220 1361 291 1397 que
327 1351 446 1386 libens
475 1348 667 1400 Calliopea
702 1352 830 1398 lyram,
871 1351 989 1388 Unica
1024 1364 1092 1388 nec
1129 1352 1225 1388 desit
1260 1351 1433 1388 iucundis
1470 1352 1588 1397 gratia

220 1410 352 1453 verbis,
380 1410 515 1447 Omnia
540 1422 695 1457 quaeque
729 1408 847 1448 Venus
873 1422 1028 1457 quaeque
1056 1410 1229 1448 Minerva
1256 1411 1424 1457 probat».
1443 1431 1491 1436 -—
1508 1407 1593 1447 divi

222 1480 273 1504 vs.
301 1469 360 1505 21.
389 1480 431 1504 ex
456 1469 669 1505 coniectura
694 1469 776 1505 Iani
798 1470 955 1514 Dousae3
983 1470 1126 1506 codices
1153 1470 1311 1506 habent:
1339 1467 1431 1507 dive.
1459 1470 1589 1516 Agitur

222 1530 319 1565 certe
355 1540 432 1565 non
469 1529 591 1565 solum
626 1529 672 1565 de
708 1528 859 1572 deabus,
891 1528 956 1565 sed
982 1529 1094 1571 etiam
1121 1529 1166 1565 de
1194 1529 1265 1565 diis
1292 1529 1396 1566 dotes
1423 1528 1587 1565 diversas

222 1583 365 1624 heroidi
400 1588 455 1624 illi
489 1589 750 1631 tribuentibus,
789 1590 832 1625 ut
867 1590 971 1634 Verg.
1009 1589 1125 1625 Catal.
1163 1589 1197 1631 4,
1226 1589 1291 1623 5—
1301 1589 1334 1623 6.
1363 1590 1398 1623 et
1425 1589 1590 1635 Pmpert.

221 1648 249 1683 Ι.
277 1648 312 1691 Ξ,
341 1641 496 1684 Ξ7-3Ο,
526 1659 638 1695 supra
662 1648 789 1685 laudd.

339 1707 382 1743 V.
402 1708 448 1742 ΞΒ
457 1708 560 1743 -Ξ4.
581 1705 736 1744 Felicem
765 1712 848 1744 ante
873 1706 971 1744 alias
989 1719 1009 1745 o
1027 1712 1059 1744 te
1077 1706 1247 1755 scriptore
1259 1705 1437 1756 puellam,
1457 1703 1587 1743 Altera

223 1776 297 1802 non
313 1763 430 1814 sama
456 1764 586 1802 vixerit
612 1762 693 1802 ulla
711 1764 831 1815 prior,
859 1766 904 1801 cf.
930 1766 1095 1812 Propert.
1120 1766 1187 1802 III.
1215 1768 1249 1808 Ξ,
1280 1766 1445 1801 15—16:
1481 1765 1588 1801 «For-

221 1826 364 1869 tunata,
401 1836 484 1861 meo
511 1825 542 1861 si
569 1836 642 1872 qua
667 1827 723 1861 est
749 1825 932 1862 celebrata
957 1825 1096 1869 libello,
1123 1825 1298 1863 Carmina
1324 1827 1435 1861 erunt
1460 1825 1591 1860 formae

221 1886 278 1920 tot
303 1886 550 1920 monumenta
576 1887 685 1920 tuae».
712 1880 890 1931 —fama
915 1882 1057 1927 vixerit,
1084 1886 1128 1919 ut
1153 1884 1219 1920 Ov.
1245 1883 1333 1919 Met.
1361 1883 1438 1919 XV.
1465 1884 1588 1918 877—

222 1944 316 1980 878:
358 1941 449 1979 «Ore
485 1942 585 1990 legar
619 1942 749 1990 populi
783 1954 920 1990 perque
958 1942 1085 1979 omnia
1120 1943 1254 1979 saecula
1277 1940 1403 1991 sama,
1431 1941 1471 1978 Si
1497 1941 1587 1988 quid

221 2003 361 2040 habent
385 2002 462 2039 veri
487 2003 616 2038 vatum
641 2003 829 2049 praesagia,
856 2000 1013 2040 vivam».
1040 2023 1088 2028 --
1114 2000 1255 2045 vixerit,
1282 2002 1401 2045 vivet:
1432 2014 1475 2038 ex
1500 2014 1586 2039 con—

221 2064 362 2099 iectura
386 2062 551 2105 Heinsii;
591 2062 734 2099 codices
771 2062 929 2099 habent:
968 2060 1113 2104 dixerit,
1145 2062 1242 2109 quod
1269 2062 1340 2098 hoc
1365 2061 1447 2098 loco
1475 2062 1589 2109 expli·

222 2123 296 2159 cari
329 2134 406 2159 non
441 2124 574 2169 potest.
601 2144 650 2148 -
675 2119 767 2164 ulla,
805 2133 847 2158 ex
882 2133 966 2158 mea
992 2121 1227 2165 coniectura3
1255 2121 1399 2158 codices
1426 2121 1591 2157 habentt

220 2191 291 2220 esse
316 2183 383 2218 aut
407 2179 494 2231 ipse.

339 2241 384 2277 V.
411 2241 569 2276 Ξό-Ξὸ.
606 2236 695 2276 Non
729 2237 799 2276 illa
835 2241 915 2283 etc„
952 2239 1119 2286 sequitur
1143 2251 1215 2276 vss.
1243 2240 1400 2275 25—38.
1429 2238 1589 2288 ὀμφαλὸς

221 2301 396 2338 carminis
421 2300 570 2347 mythos
596 2299 802 2336 continens.
820 2319 870 2326 —
886 2297 969 2344 illa,
987 2299 1171 2345 Atalanta,
1191 2299 1363 2336 Schoenei
1388 2299 1476 2341 filia,
1495 2299 1590 2336 cele-

220 2361 330 2397 ritate
366 2355 504 2407 pe'dum
541 2359 756 2403 clarissima,
794 2371 876 2406 quae
902 2370 1032 2407 procos
1058 2371 1146 2395 suos
1172 2359 1219 2395 ad
1246 2361 1433 2395 certamen
1460 2370 1593 2394 cursus

222 2420 448 2467 provocabat
483 2419 580 2456 nulli
615 2419 687 2456 nisi
722 2419 851 2456 victori
887 2421 1062 2466 nuptura.
1089 2439 1137 2445 —
1163 2416 1408 2469 Hesperidum
1438 2417 1480 2456 ni
1508 2429 1589 2455 mu-

224 2491 304 2518 nere
329 2484 439 2531 capta
453 2477 601 2529 fuisset,
620 2479 887 2526 Hippomenes,
914 2491 1050 2526 procus
1068 2479 1263 2524 Atalantae,
1281 2491 1303 2515 a
1316 2479 1458 2515 Venere
1476 2489 1590 2526 poma

216 2540 366 2587 paecepit
402 2551 445 2576 ex
480 2539 589 2576 horto
615 2538 878 2586 Hesperidum,
910 2550 990 2585 quae
1017 2538 1057 2574 in
1083 2539 1204 2575 medio
1231 2549 1361 2574 cursus
1388 2538 1594 2574 certamine

888 2608 926 2638 15
