1880 3032
301 196 350 231 16
832 206 944 231 GnYzA
970 196 1156 232 ntum-m.

296 304 435 350 puellm
470 303 633 340 obiceret
669 315 751 339 eam
787 306 1013 340 retenturus.
1057 303 1111 339 cf.
1144 304 1250 349 Verg.
1281 304 1358 341 Eol.
1388 304 1425 345 6,
1457 305 1526 340 612
1557 303 1673 342 =Tum

295 362 404 399 canit
428 362 679 409 Hesperidum
705 363 880 400 miratam
905 363 1006 400 mala
1031 363 1232 410 puellam»;
1260 362 1366 400 Ovid.
1383 362 1437 399 Ib.
1457 362 1673 400 371—372:

305 422 376 459 ·Ut
411 422 475 469 qui
500 422 664 460 velocem
692 422 992 469 frum-spatiere
1018 423 1195 470 puellam,
1222 423 1322 459 Dum
1349 423 1447 460 facta
1473 424 1529 459 est
1553 422 1675 469 pomis

297 481 443 518 tardior
477 481 543 518 illa
578 482 735 518 tribus».
762 503 811 507 —
837 479 1016 520 volucrem
1041 493 1148 520 cursu
1173 480 1307 521 vicerat
1332 479 1600 532 Hippomenen,
1628 482 1674 518 cf.

295 541 407 578 ovid.
434 541 525 579 Her.
556 542 612 585 16,
644 543 733 578 159:
777 542 847 579 ..Ut
881 542 967 578 tulit
993 541 1249 588 Hippomenes
1274 540 1499 578 Schoeneida
1523 540 1679 588 praemia

296 612 467 637 cursus».

421 661 463 697 V.
492 661 652 697 27—28.
678 671 804 708 cycneo
824 688 832 696 .
853 687 861 695 .
881 689 890 697 .
908 658 1008 698 edita
1028 658 1215 708 Tyndaris
1241 671 1318 703 ovo,
1346 660 1492 696 Helena
1517 661 1606 696 nata
1632 670 1675 695 ex

296 732 370 756 ovo
388 720 498 756 Ledae
525 731 548 756 a
573 720 660 756 Iove
687 720 726 755 in
754 731 912 765 cycnum
938 731 1042 756 verso
1070 732 1300 767 compressae.
1320 741 1368 744 —
1385 729 1513 768 supero
1527 715 1675 767 fulqens

303 777 503 828 Cassiopea
527 776 622 826 polo,
652 778 826 825 Cassiope
848 779 997 825 Cephei,
1023 780 1227 826 Aethiopiae
1253 779 1360 824 regis,
1385 789 1478 813 uxor
1503 776 1673 823 pulcher-

301 837 397 880 rima
422 839 508 884 post
534 839 692 874 mortem
719 837 818 874 inter
843 837 965 874 sidera
990 838 1106 875 relata
1133 841 1198 875 est.
1226 837 1281 874 Cf.
1308 837 1478 885 Apollod.
1505 836 1553 872 ΙΙ.
1581 836 1615 872 4.
1638 837 1676 872 et

302 898 439 944 Hygin.
466 899 616 934 Astron.
644 898 692 934 H.
722 899 780 934 10.

421 956 466 993 V.
493 957 652 993 29—32.
679 954 830 1005 defensa
856 954 923 994 diu
949 955 1062 995 multo
1096 955 1288 995 certamine
1323 967 1505 1006 equorum,
1531 954 1673 1003 Hippo·

300 1017 439 1061 damia,
476 1017 584 1053 cuius
620 1020 728 1063 pater
753 1017 977 1061 Oenomaus,
1015 1029 1077 1053 rex
1102 1018 1205 1060 Pisae,
1241 1029 1372 1064 procos
1408 1017 1456 1052 ad
1486 1017 1674 1053 certamen

299 1087 481 1112 curruum
518 1076 731 1121 provocavit
768 1078 815 1118 et,
852 1088 944 1122 quos
975 1079 1196 1113 consecutus
1223 1079 1288 1117 est,
1317 1087 1340 1111 a
1365 1077 1466 1120 tergo
1491 1073 1676 1111 transfixit

301 1136 422 1172 hasta.
440 1156 489 1160 —
508 1133 629 1178 multo,
657 1146 700 1170 ex
726 1146 808 1172 mea
836 1135 1070 1177 coniecturum
1097 1133 1209 1173 multo
1234 1133 1437 1176 certamine,
1460 1134 1484 1169 i.
1504 1146 1534 1170 e.
1555 1133 1673 1169 Oeno-

302 1204 411 1229 maus
437 1204 533 1239 saepe
561 1194 713 1229 certavit
739 1205 823 1229 cum
850 1194 983 1240 procis.
1028 1194 1182 1230 Codices
1212 1194 1373 1230 habent:
1411 1191 1573 1230 multum.
1617 1191 1674 1228 An

303 1264 372 1300 pro
408 1249 561 1290 multum
598 1253 803 1289 scribamus
839 1254 1054 1295 alituum,
1087 1253 1110 1290 i.
1138 1265 1170 1289 e.
1197 1253 1387 1290 celerum?
1412 1274 1461 1278 —
1489 1249 1676 1302 Optabam

307 1310 451 1348 Graiae
487 1323 596 1361 quam
632 1310 704 1348 sibi
729 1323 886 1362 quaeque
911 1323 1054 1354 manus,
1082 1324 1193 1358 quam
1221 1323 1264 1348 ex
1289 1314 1369 1348 tota
1394 1311 1537 1349 Graecia
1561 1310 1675 1358 petie-

304 1373 396 1407 runt
431 1371 609 1407 iuvenum
648 1371 802 1408 heroum
839 1374 1013 1413 catervae;
1051 1372 1176 1408 locum
1213 1372 1350 1408 imitari
1377 1371 1522 1407 videtur
1547 1370 1678 1406 auctor

302 1430 401 1467 Ciris
420 1442 472 1466 vs.
490 1431 586 1467 412:
611 1430 810 1467 «Certatim
838 1443 881 1467 ex
908 1432 1010 1467 omni
1036 1431 1143 1478 petiit
1169 1443 1282 1478 quam
1300 1430 1442 1468 Graecia
1459 1441 1609 1477 regno».
1628 1449 1676 1455 —

306 1488 452 1528 Graiae
480 1518 488 1526 .
517 1518 525 1526 .
555 1517 564 1525 .
592 1501 734 1533 manus,
773 1493 925 1527 catervae
963 1491 1120 1527 heroum
1158 1490 1391 1532 Graecorum3
1431 1491 1476 1526 cf.
1513 1490 1675 1536 Propert.

303 1550 332 1585 Ι.
362 1551 420 1590 20,
450 1551 514 1585 21:
548 1561 701 1585 «manus
739 1549 915 1585 heroum»
957 1553 994 1585 et
1019 1549 1065 1585 ΙΙ.
1098 1551 1128 1592 1,
1161 1550 1225 1586 18:
1258 1550 1327 1587 «Ut
1362 1560 1510 1596 possem
1545 1549 1678 1585 heroas

302 1610 439 1645 ducere
458 1608 497 1643 in
516 1620 619 1644 arma
637 1619 809 1643 manus».
824 1629 872 1633 —
890 1606 1041 1651 Graiae,
1061 1609 1113 1644 ita
1130 1609 1333 1645 rectissime
1351 1608 1438 1645 edit.
1456 1607 1592 1643 Aldina
1608 1607 1676 1648 11.;

300 1667 447 1703 codices
474 1667 635 1703 habent:
661 1664 850 1715 yravidae.
869 1688 915 1692 —-
936 1679 1056 1717 quam,
1079 1667 1166 1703 edit.
1185 1679 1245 1704 an.
1277 1667 1401 1710 1473.;
1433 1667 1518 1703 libri
1542 1678 1674 1703 manu-

304 1726 453 1773 scripti:
494 1724 589 1776 quod
625 1730 690 1762 aut
726 1724 826 1775 quid.
854 1747 902 1752 —
928 1725 1094 1763 animam
1122 1755 1130 1763 .
1159 1754 1168 1762 .
1195 1755 1203 1763 .
1233 1725 1366 1771 hausit,
1393 1726 1440 1763 ad
1466 1726 1676 1773 analogiam

303 1785 526 1821 locutionis:
564 1785 784 1830 sanguinem
820 1786 878 1821 vel
905 1797 1072 1821 cruorem
1099 1786 1257 1822 alicuius
1284 1787 1443 1822 haurire.
1470 1807 1518 1811 —
1542 1785 1676 1834 ymeri,

302 1844 418 1891 proci,
447 1844 510 1890 qui
536 1855 650 1890 gener
676 1845 755 1880 eius
781 1845 860 1880 fieri
886 1845 1015 1881 voluit.
1033 1865 1083 1871 —-
1102 1842 1217 1894 Saepe
1242 1843 1351 1882 rubro
1369 1842 1473 1882 Eleis
1498 1843 1677 1894 sanquine

300 1903 413 1952 fluxit
449 1902 590 1947 humus,
630 1905 800 1940 similiter
837 1904 882 1940 de
920 1905 1050 1941 eadem
1077 1916 1115 1940 re
1143 1905 1247 1942 Ovid.
1275 1905 1330 1941 Ib.
1358 1905 1576 1941 367—368:
1608 1904 1679 1941 «Ut

304 1965 368 2010 qui
403 1964 593 2010 perfusam
625 1964 845 1999 miserorum
872 1973 978 2012 saepe
1003 1975 1200 2009 procorum
1226 1964 1310 2010 Ipse
1337 1976 1405 2000 suo
1431 1964 1566 2000 melius
1589 1975 1675 2001 san·

298 2022 413 2073 quine
439 2023 549 2060 tinxit
576 2021 758 2061 humum.»
781 2043 829 2049 -—
847 2021 967 2068 Eleis,
996 2036 1039 2060 ex
1065 2023 1229 2060 editione
1255 2023 1392 2060 Aldina
1417 2023 1484 2066 11.;
1511 2023 1677 2060 codices:

302 2081 450 2127 similis,
488 2084 588 2130 quod
626 2096 737 2120 sensu
775 2086 886 2120 caret.
931 2084 1143 2120 Necessaria
1175 2084 1245 2120 hoc
1271 2084 1354 2120 loco
1380 2084 1526 2120 videtur
1550 2086 1588 2120 et
1612 2096 1674 2131 ap-

302 2144 458 2187 tissima,
486 2143 551 2179 ubi
578 2143 732 2179 nomina
749 2143 1010 2190 Hippodamiae
1038 2146 1075 2179 et
1092 2143 1273 2180 Oenomai
1291 2144 1526 2186 omittuntur,
1545 2144 1676 2180 saltem

303 2203 377 2239 loci
404 2202 564 2245 mentio;
594 2203 639 2238 cf.
667 2203 831 2248 Propert.
859 2202 888 2238 Ι.
916 2204 950 2244 8,
975 2202 1142 2239 35—36:
1174 2203 1314 2247 «Quam
1342 2202 1411 2238 sibi
1438 2202 1573 2239 dotatae
1598 2214 1676 2249 reg·

304 2273 398 2297 num
424 2263 531 2297 vetus
553 2260 812 2308 Hippodamiae
839 2261 886 2297 Et
913 2273 1004 2307 quas
1023 2259 1110 2299 Elis
1137 2273 1224 2308 opes
1250 2264 1337 2298 ante
1363 2264 1510 2308 pararat
1535 2262 1676 2309 equis»;

299 2320 411 2356 Ovid.
439 2320 546 2356 Trist.
573 2320 622 2355 Π.
652 2320 869 2356 385-386;
902 2320 1048 2364 «QuidP
1073 2332 1148 2356 non
1176 2320 1398 2364 Tantalides,
1424 2320 1585 2367 agitante
1604 2320 1676 2357 Cu-

303 2380 431 2426 pidine
468 2390 607 2421 currus,
638 2377 809 2416 Pisaeam
836 2379 1002 2425 Phrygiis
1038 2380 1135 2416 vexit
1172 2380 1336 2415 eburnus
1372 2380 1496 2426 equis»
1532 2382 1569 2416 et
1593 2381 1675 2416 Am.

301 2439 370 2475 111.
398 2440 431 2480 2,
464 2439 528 2474 15:
562 2440 629 2474 «At
666 2450 777 2485 quam
815 2450 921 2485 paene
947 2439 1080 2485 Pelops
1107 2436 1243 2476 Pisaea
1281 2438 1444 2475 concidit
1478 2438 1604 2475 hasta·
1639 2441 1677 2475 et

298 2497 356 2533 Ib.
385 2498 602 2533 365-366:
638 2498 707 2534 «Ut
743 2497 886 2533 iuvenis
923 2508 1062 2544 pereas,
1100 2497 1263 2544 proiecta
1299 2497 1477 2533 cadavera
1515 2509 1674 2543 quorum

975 2566 1010 2594 16
