1880 3032
310 184 357 220 18
836 195 950 220 earm
975 187 1158 222 usur-mur.

307 292 435 333 iuveni
461 294 548 328 ante
574 292 667 328 alios
693 291 770 328 divi
796 292 997 339 divumque
1024 303 1167 329 sorores
1195 292 1350 336 Cuncta,
1376 297 1487 342 neque
1511 288 1680 340 indigno,

308 351 427 395 Musa,
466 351 599 387 dedere
636 352 772 388 bona».
798 371 851 393 —-,
874 349 1037 396 donavit,
1075 363 1124 389 sc.
1150 352 1278 388 Roma
1307 371 1357 379 —-
1381 348 1561 393 alumnia
1584 351 1678 387 tam-

305 421 421 455 quam
447 412 576 451 mater,
604 431 653 435 -—
680 407 868 448 Messallis
895 438 904 447 .
932 437 942 446 .
970 438 980 447 .
1007 409 1220 451 Publicolis,
1246 410 1446 446 Publicolae
1472 416 1678 455 cognomen

306 468 451 515 accepit
485 480 576 516 gens
601 468 748 506 Valeria
784 480 808 506 a
842 469 882 507 P.
913 469 1071 512 Valerio,
1110 469 1173 516 qui
1198 469 1307 506 Bruti
1342 469 1491 506 adiutor
1522 470 1605 506 ,erat
1640 468 1678 504 in

308 528 500 574 republica
536 529 684 573 regibus
720 528 915 564 liberanda
951 530 1009 571 (cf.
1036 528 1115 566 Liv.
1141 529 1189 564 11.
1216 530 1287 572 8.);
1322 526 1518 566 Messallae
1553 529 1679 563 autem

306 597 514 632 cognomen
551 587 713 633 primum
751 587 915 623 inditum
942 589 998 623 est
1023 587 1072 623 M.
1099 587 1246 624 Valerio
1272 587 1446 629 Maximo,
1472 598 1507 626 a.
1533 597 1579 622 a.
1594 585 1679 623 Chr.

309 659 346 682 n.
375 647 459 683 263.
488 647 643 690 consuli,
671 647 771 693 quod
798 647 1022 689 Messanam,
1049 646 1181 683 Siciliae
1208 647 1399 694 oppidum,
1421 646 1562 682 Punico
1587 656 1678 692 prae

310 705 404 742 sidio
430 706 633 742 liberasset.
663 706 718 742 cf.
746 706 850 742 Ovid.
879 707 978 742 Fast.
1005 707 1033 741 Ι.
1053 707 1146 742 595:
1179 706 1311 742 «Hunc
1329 705 1498 742 Numidae
1525 705 1680 774 faciunt,

309 765 418 801 illum
445 766 618 801 Messana
644 765 878 812 superbum.»

429 825 472 861 V.
494 825 655 861 41-44.
684 821 784 861 Nam
810 821 899 874 quid
924 835 984 873 eqo
1011 826 1092 868 etc„
1121 824 1288 871 sequitur
1314 824 1543 860 enumeratio
1570 809 1678 860 meri-

308 886 432 919 torum
460 883 661 924 Messallae;
695 883 758 919 sed
786 886 872 920 ante
899 895 952 920 vs.
979 884 1039 920 41.
1067 886 1164 919 certe
1191 884 1406 920 exciderunt
1431 884 1574 930 aliquot
1599 894 1679 919 ver-

308 954 384 978 sus.
410 942 651 978 Desideratur
677 942 777 977 enim
804 942 982 978 transitus
1009 953 1032 978 a
1056 942 1258 978 maioribus
1275 942 1456 978 Messallae
1482 942 1529 978 ad
1556 942 1679 989 ipsum

308 1002 348 1037 in
376 1001 538 1037 eundem
566 1002 640 1037 fere
667 1002 833 1044 modum,
867 1004 911 1037 ut
935 1001 974 1037 in
1002 1002 1136 1047 Paneg.
1163 1001 1203 1037 in
1229 1001 1338 1038 Mese.
1367 1002 1532 1039 28—32:
1566 1001 1679 1038 «Nam

304 1071 535 1107 *quamquam
563 1061 725 1107 antiquae
750 1061 869 1106 gentis
896 1062 1074 1108 superant
1100 1060 1167 1097 tibi
1193 1061 1334 1103 laudes,
1361 1061 1444 1097 Non
1470 1062 1537 1097 tua
1561 1060 1676 1097 maio-

309 1131 394 1156 rum
431 1122 608 1156 contenta
644 1122 700 1155 est
729 1120 847 1165 gloria
873 1121 982 1163 fama,
1009 1120 1084 1155 Nec
1111 1120 1254 1166 quaeris,
1282 1121 1371 1171 quid
1397 1131 1543 1166 quaque
1570 1119 1680 1156 index

311 1178 380 1214 sub
408 1178 568 1224 imagine
596 1178 708 1223 dicat,
736 1178 808 1214 Sed
835 1179 980 1224 generis
1006 1179 1146 1225 priscos
1172 1179 1367 1215 contendis
1392 1179 1539 1216 vincere
1562 1179 1678 1216 hono-

308 1249 379 1280 res,
406 1238 526 1282 Quam
552 1238 620 1274 tibi
646 1237 814 1281 maiores,
853 1237 975 1274 maius
1014 1238 1127 1273 decus
1153 1238 1231 1284 ipse
1258 1238 1413 1276 futuris»
1445 1240 1482 1274 et
1507 1237 1596 1274 ibid.
1623 1250 1677 1275 vs.

310 1299 376 1333 39:
408 1297 521 1332 «Nam
549 1297 630 1342 quis
657 1299 692 1332 te
719 1296 862 1332 maiora
886 1296 980 1342 gerit
1005 1294 1184 1338 castrisue,
1193 1293 1384 1343 forove?»‚
1403 1306 1514 1341 quem
1531 1307 1679 1332 versum

310 1359 420 1402 poeta
446 1356 558 1391 huius
586 1355 709 1401 elegiae
736 1355 834 1390 infra
858 1367 911 1390 vs.
938 1355 998 1390 43.
1017 1355 1197 1391 imitatur.
1217 1375 1264 1380 —
1282 1352 1451 1391 immensi
1470 1380 1479 1390 .
1496 1382 1505 1390 .
1527 1382 1536 1392 .
1554 1352 1680 1392 studia

310 1414 383 1453 ista
419 1413 567 1457 laboris,
606 1415 729 1451 studia
765 1414 910 1451 bellica.
937 1435 985 1439 —-
1013 1413 1180 1452 immensi
1207 1442 1216 1450 .
1245 1442 1253 1451 .
1281 1441 1290 1451 .
1318 1412 1465 1457 laboris,
1496 1414 1680 1461 genitivus

311 1474 514 1520 qualitatis.
542 1494 590 1498 —
618 1471 789 1510 Horrida
809 1501 818 1509 .
839 1503 847 1510 .
867 1502 875 1510 .
896 1479 1053 1524 tempora
1081 1472 1247 1516 militiae,
1275 1476 1318 1509 ut
1343 1475 1476 1519 Paneg.
1503 1474 1543 1509 in
1569 1473 1679 1510 Mese.

310 1536 380 1572 82:
413 1535 512 1571 «Iam
540 1537 576 1571 te
604 1546 680 1570 non
708 1535 803 1571 alius
830 1535 915 1571 belli
944 1537 1047 1571 tenet
1072 1535 1197 1582 aptius
1221 1537 1353 1571 artes».
1372 1556 1421 1560 —
1441 1532 1572 1572 Castra
1589 1531 1679 1584 foro

308 1595 419 1636 toties,
458 1593 542 1630 urbi
574 1604 794 1643 praeponere
820 1599 952 1635 castra,
980 1594 1136 1640 scriptor
1160 1594 1319 1640 respexit
1343 1595 1478 1639 Paneg.
1505 1593 1543 1629 in
1569 1593 1678 1630 Mese.

309 1654 378 1690 39:
410 1653 525 1690 «Nam
553 1653 635 1700 quis
662 1655 697 1689 te
725 1653 867 1689 maiora.
891 1653 985 1699 gerit
1011 1651 1181 1691 eastrisve
1196 1650 1376 1702 sorove3»
1406 1674 1455 1679 —
1471 1654 1573 1703 soro,
1602 1656 1680 1690 era-t

308 1714 409 1749 enim
427 1713 599 1749 Messalla
619 1716 742 1749 orator
768 1714 1038 1749 celeberrimus.
1055 1734 1103 1739 —
1121 1712 1231 1756 toties,
1252 1725 1294 1749 ex
1312 1714 1524 1750 coniectura
1540 1713 1678 1756 Ellisii;

307 1772 422 1809 codex
448 1772 696 1808 Bruxellensis
733 1772 865 1808 habet:
903 1777 1036 1817 castra,
1075 1772 1174 1821 quod
1210 1772 1281 1809 hoc
1311 1773 1393 1809 loco
1420 1772 1545 1820 inepte
1570 1772 1679 1810 itera-

307 1836 386 1875 tur;
427 1833 490 1868 alii
527 1832 691 1868 codices:
729 1830 862 1869 solitos.
890 1853 938 1856 —
965 1829 1029 1868 hoc
1062 1837 1184 1879 qualo,
1223 1831 1290 1867 tali
1326 1833 1458 1877 gnato;
1486 1831 1608 1876 agitur
1633 1832 1679 1867 de

306 1890 516 1934 Messalino,
548 1890 728 1927 Messallae
766 1891 842 1928 filio
879 1890 1031 1934 maiore,
1069 1890 1133 1937 qui
1169 1892 1260 1927 tunc
1297 1892 1376 1926 erat
1412 1890 1564 1937 egregiae
1601 1890 1679 1937 spei

306 1963 410 1997 puer,
449 1962 558 1997 quem
590 1955 720 1997 postea
746 1951 915 1986 Tibullus
950 1950 1148 1986 celebravit
1175 1961 1315 1985 novum
1342 1949 1679 1995 quindecimvirum

307 2010 333 2044 1.
360 2009 407 2044 Π.
434 2009 524 2054 eleg.
553 2011 586 2044 5.
613 2008 738 2044 Huius
764 2008 959 2044 Messalini
985 2008 1105 2044 cultor
1131 2009 1210 2045 erat
1236 2007 1390 2044 Ovidius
1415 2019 1438 2044 a
1463 2012 1600 2055 puero;
1633 2009 1679 2046 cf.

306 2068 374 2106 Ov.
401 2068 508 2105 Pont.
536 2068 582 2104 Π.
603 2070 636 2111 3,
656 2068 814 2105 79—80.
833 2069 893 2113 (ad
913 2068 1071 2111 Cottam,
1091 2067 1281 2104 Messalini
1308 2069 1470 2113 fratrem,
1496 2068 1678 2105 Messallae

307 2128 428 2164 filium
455 2128 652 2171 minorem)
668 2141 675 2162 :
709 2128 814 2169 «Nec,
843 2139 916 2174 quo
943 2127 989 2163 sit
1008 2127 1170 2173 primum
1190 2127 1300 2163 nobis
1318 2139 1341 2163 a
1358 2130 1524 2175 tempore
1542 2128 1678 2172 cultus,

309 2186 500 2224 Contendo
536 2184 689 2232 fratrem
726 2190 786 2231 (sc.
815 2187 1074 2231 Messalinum)
1107 2199 1215 2234 posse
1255 2187 1389 2224 referre
1416 2188 1561 2230 tuum»;
1589 2187 1678 2225 ibid.

307 2248 336 2283 I.
357 2249 390 2289 7,
413 2247 569 2282 17—18.
590 2246 650 2289 (ad
669 2246 945 2290 Messalinum):
973 2245 1053 2281 «Me
1079 2246 1267 2289 miserum,
1295 2247 1326 2282 si
1352 2248 1393 2282 tu
1419 2246 1539 2283 verbis
1566 2247 1678 2285 offen·

308 2306 406 2343 deris
443 2306 523 2342 istis
549 2307 697 2352 Nosque
733 2318 843 2352 neges
879 2306 957 2342 ulla
992 2308 1097 2352 parte
1134 2305 1247 2342 fuisse
1283 2308 1403 2349 tuos»;
1441 2307 1529 2343 ibid.
1565 2308 1611 2344 11.
1644 2309 1679 2351 2,

310 2367 517 2403 103—104.
545 2366 604 2409 (ad
632 2365 908 2408 Messalinum):
950 2376 1040 2400 «nec
1074 2367 1116 2400 tu
1142 2367 1249 2411 potes
1275 2365 1352 2412 ipse
1379 2377 1511 2412 negare
1537 2365 1586 2402 Et
1610 2377 1680 2402 nos

305 2425 346 2463 in
383 2425 501 2462 turbae
536 2427 641 2472 parte
669 2424 781 2460 fuisse
809 2427 895 2461 tuae.
935 2424 1081 2470 Ingenii
1107 2426 1218 2469 certe,
1245 2436 1317 2471 quo
1344 2436 1413 2461 nos
1439 2425 1536 2461 male
1552 2425 1677 2465 ,sensi-

261 2516 265 2520 .
304 2496 390 2522 mus
426 2496 524 2526 us05‚
551 2485 704 2520 Artibus
742 2484 913 2530 exceptis,
951 2494 1047 2530 saepe
1083 2484 1260 2530 probator
1295 2495 1411 2527 eras-5
1448 2484 1537 2520 ibid.
1568 2484 1616 2520 11.
1644 2484 1677 2526 2,

976 2552 1013 2582 18
