1880 3032
630 252 678 278 nn
702 251 834 278 manen
844 259 848 262 ⁴
858 250 900 278 m
923 252 1145 279 mesenhim.
1522 243 1563 279 21

209 349 354 394 evenit:
381 362 470 387 nam
496 351 534 389 in
560 352 805 396 Britanniam,
832 351 982 390 ulterius
1002 350 1142 390 Oceani
1164 351 1300 398 finibus
1326 353 1446 395 sitam,
1474 365 1568 388 nun-

207 411 322 456 quam
346 411 553 458 penetravit
578 411 760 450 Messalla..

242 474 244 477 ’
326 471 373 508 V.·
393 471 551 508 55—58.
580 469 665 509 Non
682 476 851 510 >nostrum
871 477 937 514 est,
962 470 1127 520 inquam,
1153 476 1275 509 tantas
1298 470 1470 520 ataeifnqere
1488 471 1570 509 lau-

183 562 185 564 ,
209 526 289 572 dos,
327 528 428 575 Quin
453 529 574 569 ausim
600 528 665 568 hoc
689 529 799 569 etiam
818 529 950 574 dicere,
977 528 1253 568 vix-hominum
1278 536 1338 575 est,
1365 534 1473 579 poeta
1497 543 1570 568 res-

207 589 307 636 p'e'xit
331 584 466 636 Paness.
491 590 530 626 in
558 590 667 627 Meas.
694 592 810 627 3—6:
854 602 893 626 «e
920 590 1066 627 meritis
1085 591 1116 627 si
1141 591 1306 627 carmina
1330 591 1470 635 laudes,
1496 593 1569 628 De·

207 648 355 685 ficiant‘i
372 648 543 686 -humilis
578 649 693 686 tantis
729 649 800 684 sim
835 649 1006 685 conditor
1039 649 1140 692 actis,
1167 650 1241 685 Nec
1277 652 1343 686 tua
1375 652 1508 696 praeter
1532 652 1568 686 te

202 707 344 745 'chartis
369 708 530 745 intexere
557 709 755 756 quisquam
771 709 886 746 Facta
911 710 1043 756 queat»
1066 710 1104 745 et
1119 708 1209 744 ibid.
1233 709 1568 746 177—17821N0n

205 778 275 814 ego
301 779 386 804 sum
408 768 502 805 'satis
527 768 575 805 ad
601 770 715 805 tantae
740 768 925 815 praeconia
948 768 1080 812 laudis,
1099 768 1182 815 Ipse
1209 767 1302 803 mihi
1327 779 1403 804 nen
1429 768 1461 804 si
1478 780 1568 815 prae-

207 827 344 864 scribat
369 828 533 865 carmina
558 828 756 867 Phoebus».
783 849 833 854 -
852 825 937 866 Non
961 833 1123 866 metrum
1148 833 1197 865 est
1215 855 1225 863 .
1244 855 1253 863 .
1273 855 1282 863 .
1309 833 1431 865 tantas
1458 827 1568 867 attin-

205 898 284 936 qcre
310 885 447 932 laudes,
475 900 518 924 ex
538 889 648 934 'Verg.
675 888 752 925 Ecl.
772 889 806 933 3,
829 889 918 925 108:
938 887 1053 925 -eNon
1080 890 1250 925 nostrum
1275 888 1372 924 inter
1397 900 1462 925 vos
1487 891 1567 926 tan-

206 948 263 983 tas
288 955 510 994 componere
525 948 655 985 lites».
678 969 728 973 ——
754 946 844 997 Ipsa
870 946 956 985 haec
980 960 1027 992 sc,
1053 946 1138 998 ipsa
1153 945 1275 997 serent
1299 959 1418 985 rerum
1443 959 1567 986 monu—
1590 953 1593 954 ’

206 1010 326 1044 menta
357 1017 432 1055 per·
460 1005 595 1050 orbem·
625 1008 713 1055 ipsae
749 1017 807 1044 res
843 1008 1103 1044 memorabiles
1139 1012 1174 1043 a'
1197 1008 1234 1043 te
1259 1009 1369 1053 gestae
1396 1018 1434 1043 se
1460 1010 1568 1044 notas

198 1065 343 1102 ment
367 1068 446 1103 toto
472 1067 559 1104 orbe
586 1069 780 1104 terrarum.
798 1088 847 1093 ——
867 1079 913 1111 se,
941 1057 1127 1114 supplevit
1151 1066 1356 1103 Salmasius
1368 1081 1376 1110 ;
1404 1067 1443 1103 in
1469 1068 1568 1104 codi-

197 1122 313 1163 2cibue
350 1126 541 1163 omissum.
581 1127 821 1167 Desideratur
856 1129 952 1162 certe
988 1126 1173 1163 obiectum
1203 1126 1251 1162 ad
1276 1126 1430 1162 verbum
1444 1124 1569 1175 ferent

205 1184 407 1230 pertinens.
433 1206 482 1211 —
509 1196 544 1223 se
572 1211 581 1221 .
609 1214 618 1222 .
646 1214 655 1221 .
671 1179 796 1233 ferent
822 1212 831 1221 .
859 1213 867 1221 .
897 1213 905 1220 .
932 1197 994 1233 per
1019 1183 1146 1228 orbem,
1185 1187 1276 1221 nota
1301 1197 1339 1221 se
1366 1185 1502 1222 facient
1527 1186 1567 1222 in

206 1243 293 1280 orbe
320 1246 420 1287 toto;
447 1256 490 1281 ex
515 1244 619 1292 Verg.
648 1245 726 1281 Ecl.
752 1246 787 1290 8,
816 1246 957 1281 7-102
1002 1257 1069 1281 «en
1096 1245 1166 1281 erit
1190 1256 1358 1292 unquam
1383 1245 1451 1281 Ille
1477 1245 1566 1289 dies,

205 1304 299 1341 mihi
318 1311 418 1341 'cum'
436 1305 547 1342 liceat
571 1308 637 1342 tua
663 1306 783 1342 dicere
798 1302 938 1354 facta?
962 1306 1021 1342 En
1035 1306 1126 1350 erit,
1151 1307 1194 1341 ut
1210 1305 1319 1341 liceat
1335 1306 1457 1341 totum
1473 1306 1567 1342 mihi

202 1361 298 1409 ferre
320 1375 386 1413 per
410 1362 527 1401 orbem
545 1364 632 1401 Sola
649 1364 856 1412 Sophocleo
877 1366 943 1400 tua
960 1364 1125 1400 carmina
1141 1364 1257 1412 digna
1270 1364 1496 1401 cothurno?»
1519 1385 1567 1391 —

204 1434 324 1460 rerum
348 1429 590 1468 monumenta,
618 1436 676 1460 res
701 1426 813 1470 gestoe
837 1424 1097 1460 memorabiles
1119 1426 1322 1470 (tamquam
1347 1436 1566 1461 monumen-

205 1481 297 1518 tales
309 1484 373 1535 !);·
393 1483 523 1519 eodem
559 1483 670 1520 modo
697 1483 831 1519 Tibull.
866 1483 895 1519 I.
934 1483 967 1525 7,
1002 1483 1160 1520 57—58.
1189 1483 1248 1527 (de
1287 1484 1506 1520 viaLatina
1545 1496 1567 1521 a

204 1540 376 1578 Messalla
410 1542 588 1586 munita):
621 1543 722 1579 ·Nec-
739 1545 860 1580 taceat
885 1547 1114 1580 monumenta
1139 1541 1229 1584 viae,
1270 1554 1380 1589 quem
1408 1544 1566 1580 Tuscula

204 1600 315 1637 tellus
341 1601 580 1648 Candidaque
616 1602 770 1648 antiquo
806 1602 947 1638 detinet
972 1602 1065 1637 Alba
1099 1603 1212 1645 lare»,
1243 1602 1308 1637 ubi
1334 1608 1565 1639 monumenta

203 1657 285 1698 viae
321 1660 528 1707 significant
562 1661 660 1698 viam
696 1661 932 1708 magnificam
969 1662 1005 1697 et
1037 1654 1336 1704 memorabilem;
1364 1662 1410 1698 cf.
1437 1662 1566 1698 Iuven-

204 1720 280 1757 Sat.
307 1721 342 1764 5,
370 1721 430 1757 55.
467 1721 525 1764 (de
562 1720 691 1757 eadem
726 1721 819 1764 via):
850 1720 1037 1757 «Clivosae
1063 1720 1207 1757 veheris
1233 1721 1324 1756 dum
1349 1732 1415 1767 per
1440 1732 1565 1758 monu-

203 1784 323 1820 menta
351 1777 530 1817 Latinae»
561 1792 610 1816 sc.
638 1780 716 1816 viae.
744 1800 792 1806 -—
820 1778 910 1829 Ipsa
940 1777 1214 1828 sibi-eqreqium
1229 1777 1341 1828 facta
1367 1778 1474 1817 decus
1498 1791 1565 1829 pa-

200 1837 307 1882 rient,
344 1839 425 1886 ipsa
451 1840 548 1876 facta
573 1842 638 1876 tua
664 1840 733 1875 sibi
758 1839 905 1886 parient
929 1838 1083 1884 gloriam
1095 1852 1105 1882 ς
1141 1840 1231 1874 sunt
1255 1838 1355 1873 enim
1383 1839 1497 1880 tanta,
1525 1841 1567 1873 ut

204 1908 280 1933 non
306 1901 439 1943 egeant
463 1898 626 1935 carmine
653 1898 874 1934 laudatorio.
1299 1911 1302 1913 ’

321 1956 364 1993 V.
400 1956 559 1993 59—64.
599 1955 673 1995 Nos
708 1969 751 1995 ca
787 1960 856 1995 etc.
883 1969 1014 1994 sensus
1044 1969 1116 1993 vss.
1143 1958 1311 1994 59—63:
1343 1956 1403 1993 «Si
1429 1968 1497 1992 nos
1524 1968 1568 1992 ea

203 2016 369 2053 carmina
392 2016 634 2064 lepidissima,
661 2029 742 2065 quae
768 2019 893 2054 tecum
919 2016 990 2064 ipsi
1016 2016 1092 2053 divi
1116 2015 1265 2052 finxisse
1289 2016 1471 2060 videntur,
1490 2015 1565 2062 dig-

202 2086 295 2113 num
329 2076 368 2113 in
394 2077 549 2114 modum
574 2089 773 2124 possumus
799 2077 981 2113 celebrare
1007 2076 1143 2113 humili
1168 2077 1337 2123 poemate
1364 2078 1505 2120 nostro,
1533 2075 1565 2112 si

202 2137 363 2174 carmine
381 2137 513 2173 Latine
539 2136 674 2184 scripto
701 2137 995 2184 appropinquare
1019 2147 1218 2183 possumus
1242 2134 1466 2171 carminibus
1492 2135 1567 2170 tuis

203 2195 330 2232 Graeca
354 2195 483 2241 lingua-
508 2198 545 2231 et
566 2195 693 2232 Graeca.
718 2197 911 2232 venustate
937 2196 1094 2242 scriptis,
1120 2196 1205 2241 plus
1231 2195 1305 2230 iam
1331 2194 1566 2240 procedimus

202 2253 340 2301 optatis
365 2253 537 2290 nostris».
556 2274 604 2278 —
622 2258 734 2291 tecum
756 2251 942 2302 finxerunt
960 2252 1126 2290 carmina
1145 2251 1235 2295 divi,
1255 2253 1294 2288 in
1313 2253 1447 2300 quibus
1466 2264 1565 2289 com-

201 2312 385 2361 ponendis
400 2312 512 2349 deos‘
526 2313 626 2360 ipsos
657 2313 821 2350 habuisti
849 2313 1048 2350 adiutores.
1074 2333 1124 2339 —
1151 2310 1330 2361 Cynthius
1364 2317 1396 2349 et
1422 2310 1564 2353 Musae,

203 2370 371 2411 Bacchus
406 2377 438 2410 et
464 2370 610 2421 Aylaie,
646 2375 778 2420 praeter
802 2372 1014 2420 Apollinem
1040 2373 1152 2410 etiam
1176 2372 1346 2410 Bacchus
1371 2374 1566 2419 poetarum

202 2433 324 2469 fautor
349 2433 385 2468 et
411 2431 639 2481 Μουσαγέτης
667 2435 733 2477 est,
760 2433 929 2480 utapud
956 2433 1061 2470 ovid.
1085 2433 1168 2470 Am.
1195 2433 1223 2469 Ι.
1245 2433 1278 2476 3,
1304 2432 1467 2468 11—12:
1498 2432 1567 2468 «At

201 2491 364 2533 Phoebus
390 2492 613 2540 comitesque
640 2503 772 2530 novem
798 2493 955 2540 vitisque
982 2495 1146 2540 repertor
1170 2493 1267 2529 Hinc
1285 2492 1446 2528 faciunt»
1469 2493 1505 2528 et
1522 2492 1565 2527 A.

201 2552 244 2588 A.
270 2550 338 2590 ΠΙ.
365 2551 584 2589 347—348:
616 2547 667 2588 «O
698 2553 762 2597 ita,
788 2552 937 2597 Phoebe,
975 2552 1078 2595 velis,
1114 2553 1166 2588 ita
1199 2564 1275 2596 vos,
1312 2551 1375 2598 pia
1409 2550 1566 2587 numina

862 2621 897 2650 21
1283 2630 1285 2632 ’
