1880 3032
295 196 342 237 14
824 213 935 237 ezrzs
961 204 1147 238 utamur.

291 305 441 347 vestras
477 309 516 347 in
554 310 701 347 chartas
732 310 845 347 verba
871 310 1079 347 transfertis
1105 321 1224 347 mea».
1251 332 1300 336 —
1325 322 1406 348 cum
1432 309 1564 365 linqua
1589 316 1670 348 lum

290 367 369 406 sale
396 367 581 419 Cecropio,
609 369 739 406 Graeca
774 369 904 416 lingua
936 372 974 405 et
999 369 1128 406 Graeco
1154 370 1279 417 lepore
1306 371 1454 425 scripta.
1477 360 1673 407 Carmina

291 427 421 466 Graeca
457 429 645 476 scripsisse
681 429 830 466 videtur
851 429 1040 474 Messalla,
1077 440 1164 467 cum
1191 422 1353 467 Athenis
1376 434 1453 468 una
1479 431 1564 468 cuin
1590 431 1673 468 Ho·

291 489 386 524 ratio
423 489 557 525 iuvene
583 482 728 525 studiis
755 492 911 525 vacaret.
938 490 1044 526 Idem
1071 490 1157 525 fecit
1183 481 1362 526 Horatius
1388 491 1488 537 ipse;
1516 491 1563 526 cf.
1582 490 1672 526 Sat

290 548 320 584 I.
351 548 408 593 10,
436 548 605 586 31—32:
649 560 755 585 «cum
783 548 930 586 Graecos
966 549 1125 586 facerem
1162 550 1273 586 natus
1303 561 1403 601 mare
1430 550 1522 587 citra
1545 540 1672 587 Versi

292 608 431 644 culos».
450 630 499 633 ——
517 606 592 644 sale
612 606 793 656 Cecropio,
814 608 946 650 Attico,
965 608 1105 650 Graeco,
1132 611 1175 644 ut
1200 609 1297 644 infra
1321 621 1374 645 vs.
1402 610 1470 645 6⁶²:
1499 609 1671 645 eGraecos

292 667 425 703 sales».
452 688 501 692 —-
527 664 615 711 sale,
652 667 790 714 lepore,
827 668 1040 709 venustate;
1081 667 1127 703 cf
1154 666 1290 704 Oatull.
1318 666 1378 710 86,
1407 666 1524 703 3—4:
1557 677 1666 702 «nam

291 727 397 762 nulla
421 731 607 769 venustas,
627 727 738 762 Nulla
763 726 802 761 in
829 729 906 761 tam
933 738 1069 771 magno
1097 729 1152 763 est
1177 738 1327 772 corpore
1353 726 1451 762 mica
1476 727 1600 762 salis.
1615 746 1664 751 —-

294 782 487 828 Carmina,
525 795 617 833 quae
642 783 761 822 vivent
787 783 916 822 saeclis
941 789 1087 834 accepta
1102 782 1260 834 futuris,
1287 796 1435 821 versum
1461 785 1514 821 ita
1539 796 1669 821 emen

291 844 378 880 dare
414 836 613 891 temptavi;
652 844 798 881 codices
836 839 998 881 habent:
1039 845 1235 882 «Carmina
1262 857 1343 891 quoe
1369 837 1521 893 Pylium
1546 845 1671 881 saeclis

292 906 443 949 accepta
469 904 642 947 futuris»,
670 916 744 950 quo
763 902 914 953 Pylium
933 917 977 940 ex
994 916 1046 941 vs.
1067 916 1119 951 sq.
1138 905 1295 951 irrepsit.
1323 904 1478 951 Scripsi:
1497 907 1663 947 vivent,

292 963 379 1009 quia
397 963 468 999 hoc
486 964 567 1000 loco
586 964 709 1009 agitur
726 964 772 1000 de
791 964 1070 1012 comparatione
1089 976 1175 1000 cum
1193 963 1271 1000 vita
1287 964 1462 1000 Nestoris.
1487 964 1542 1001 cf.
1557 964 1669 1001 0vid.

290 1022 396 1057 Trist.
422 1022 453 1058 L
482 1024 514 1065 7,
542 1023 702 1059 25—26.
729 1024 786 1067 (de
813 1023 1177 1069 Metamorphosibus
1214 1023 1324 1066 suis):
1360 1023 1488 1059 «Nunc
1523 1036 1667 1071 precor,

291 1083 333 1116 ut
359 1078 484 1118 vivant
512 1084 549 1117 e‘t
574 1093 651 1118 non
678 1083 812 1128 ignava
837 1079 1023 1128 legentem
1043 1082 1128 1118 Otia
1154 1082 1340 1118 delectent
1365 1083 1670 1129 admoneantque·

290 1140 397 1176 mei.»
428 1161 477 1165 -
505 1146 662 1190 accepta,
689 1144 804 1187 grata.
831 1161 880 1167 —-
906 1138 1060 1190 Pylium
1094 1138 1232 1178 vincere
1268 1138 1381 1189 diyna
1419 1152 1550 1184 senem,
1581 1153 1666 1188 quae

291 1199 432 1235 diutius
467 1200 594 1236 vivant
619 1200 772 1236 Nestore
798 1200 912 1247 Pylio,
950 1201 1013 1247 qui
1050 1200 1256 1237 secundum
1292 1203 1420 1247 poetas
1457 1201 1671 1237 nonnullos

291 1261 476 1295 trecentos
502 1271 622 1295 annos
649 1259 759 1301 vixit3
796 1262 905 1305 poeta
940 1260 1100 1306 respexit
1125 1261 1257 1306 Paneg.
1285 1261 1325 1296 in
1352 1260 1462 1296 Mese.
1489 1261 1666 1304 48—51.,

291 1319 357 1354 ubi
375 1318 549 1355 Messalla
575 1331 661 1355 cum
680 1320 832 1355 Nestore
851 1320 904 1355 ita
922 1322 1176 1366 comparatur:
1202 1320 1304 1355 «Non
1323 1317 1434 1367 Pylos
1452 1321 1518 1355 aut
1534 1320 1668 1355 Ithace*

291 1381 419 1415 tantos
446 1379 616 1425 genuisse
644 1379 816 1415 feruntur
832 1379 985 1415 Nestora
1011 1379 1069 1415 vel
1094 1390 1216 1425 parvoe
1233 1390 1410 1424 magnum
1429 1379 1542 1414 decus
1559 1379 1661 1414 urbis

291 1438 435 1480 Ulixen,
464 1435 496 1474 V
493 1436 602 1474 ixerit
626 1438 689 1473 ille
716 1448 822 1474 senex
848 1438 1028 1484 quamvis,
1056 1438 1147 1473 dum
1168 1440 1274 1474 terna
1290 1449 1356 1484 per
1374 1438 1501 1474 orbem
1519 1438 1663 1474 Saecula

291 1497 473 1533 fertilibus
499 1497 606 1533 Titan
644 1497 854 1533 decurreret
889 1497 1008 1534 horis»
1051 1500 1088 1534 et
1120 1497 1210 1534 ibid.
1241 1498 1310 1534 112
1366 1497 1505 1534 «Terna
1535 1497 1661 1534 minus

291 1555 423 1604 Pyliae
449 1557 605 1593 miretur
631 1558 766 1594 saecula
792 1558 918 1593 famae»
951 1560 988 1593 et
1013 1558 1119 1603 Verg.
1147 1558 1212 1594 Ge.
1239 1558 1287 1594 ΙΙ.
1306 1558 1390 1593 295.
1409 1557 1467 1600 (de
1494 1558 1662 1599 aesculo)r

294 1616 434 1652 «Multa
460 1615 582 1652 virum
608 1617 760 1652 volvens
787 1616 958 1653 durando
985 1617 1121 1652 saecula
1147 1614 1294 1653 vincit».
1331 1616 1386 1652 cf.
1414 1617 1527 1653 etiam
1555 1615 1665 1653 Ovid.

290 1675 377 1712 Met.
404 1675 485 1711 XII.
517 1675 597 1712 188.
625 1676 770 1719 (Nestor
795 1676 840 1711 de
867 1678 940 1720 se):
973 1676 1064 1712 «vixi
1090 1677 1218 1712 Annos
1257 1677 1311 1713 bis
1347 1679 1520 1712 centum:
1558 1687 1667 1712 nunc·

289 1737 398 1771 tertia
419 1736 556 1770 vivitur
582 1738 706 1770 aetas».

410 1794 452 1830 V.
485 1794 641 1830 17—20.
670 1791 834 1831 Molliter
861 1792 919 1831 hic
946 1819 955 1829 .
984 1822 993 1830 .
1021 1822 1029 1830 .
1057 1791 1198 1831 Moeris
1218 1798 1382 1845 pastores
1407 1799 1438 1832 et
1464 1792 1667 1832 Meliboeus

288 1859 402 1896 erant,
430 1853 577 1899 scripsit
602 1854 716 1897 igitur
733 1853 907 1889 Messalla
934 1854 1101 1889 carmina
1127 1853 1296 1889 bucolica
1313 1853 1550 1889 Theocritum
1577 1853 1661 1888 imi·

288 1914 401 1949 tatus.
428 1933 477 1936 —
505 1909 669 1949 Molliter
703 1909 764 1948 hic
791 1939 799 1947 .
828 1939 837 1948 .
866 1940 874 1948 .
901 1917 1016 1955 erant,
1053 1911 1145 1948 lenti
1182 1912 1355 1948 iacebant
1365 1925 1374 1954 ;
1414 1912 1526 1948 huius
1557 1911 1665 1948 locu·

289 1973 400 2009 tionis
430 1972 585 2008 unicum
613 1974 731 2008 exstat
757 1972 967 2019 exemplum
994 1972 1094 2019 apud
1121 1972 1225 2008 Ovid.
1252 1972 1359 2008 Trist.
1387 1972 1448 2008 IV.
1477 1973 1510 2014 8,
1539 1972 1664 2008 5—-85

295 2034 421 2068 «Nunc
458 2035 547 2074 erat,
585 2034 628 2067 ut
662 2031 783 2078 posito
811 2032 984 2067 deberem
1010 2032 1085 2067 fine
1113 2031 1284 2067 laborum
1310 2031 1440 2066 Vivere
1467 2041 1527 2065 me
1554 2030 1666 2066 nullo—

289 2092 512 2129 sollicitante
550 2093 664 2132 metu,
694 2091 857 2137 Quaeque
889 2103 981 2127 meae
1009 2102 1155 2137 semper
1179 2091 1403 2137 placuerunt
1428 2090 1505 2126 otia
1531 2090 1659 2132 menti,

289 2152 447 2198 Carpere
475 2153 513 2186 et
539 2150 577 2185 in
605 2150 738 2185 studiis
763 2148 921 2187 molliter
945 2161 1015 2187 esse
1041 2150 1170 2186 meis».
1197 2151 1310 2186 Poeta
1337 2153 1423 2186 ante
1448 2150 1576 2186 oculos
1594 2150 1659 2185 ha-

289 2211 371 2246 buit
388 2211 492 2255 Verg.
512 2210 589 2245 Ecl.
613 2210 643 2251 1,
663 2211 779 2245 4—5:
814 2212 887 2253 «tu,
913 2210 1046 2256 Tityre,
1074 2208 1190 2246 lentus
1216 2210 1256 2245 in
1282 2210 1415 2245 umbra
1440 2210 1658 2246 Formosam

289 2280 465 2307 resonare
493 2268 602 2305 doces
629 2268 857 2315 Amaryllida
882 2269 1012 2305 silvas»
1044 2272 1081 2305 et
1106 2269 1269 2316 Propert.
1296 2269 1326 2305 Ι.
1356 2270 1412 2313 11,
1443 2270 1509 2305 14:
1541 2266 1659 2306 «Mol-

288 2330 372 2368 liter
398 2330 438 2365 in
465 2328 578 2364 tacito
605 2329 710 2364 litore
738 2326 1008 2377 compositam».
1045 2328 1099 2364 cf.
1126 2329 1271 2364 Terent.
1298 2328 1454 2376 Adelph.
1481 2330 1524 2365 V.
1555 2331 1586 2372 1,
1616 2329 1665 2364 1.—

291 2386 469 2427 «molliter
494 2399 532 2424 se
560 2399 723 2424 curare».
752 2407 800 2413 —
826 2384 943 2425 viridi
962 2386 1116 2438 patulae
1141 2385 1206 2425 sub
1233 2387 1385 2437 leymine
1417 2398 1576 2437 quercus,
1616 2399 1661 2423 ex

287 2451 393 2495 Verg.
412 2448 490 2485 Ecl.
513 2450 544 2492 1,
564 2448 577 2482 1
593 2460 601 2482 ε
626 2448 779 2493 «Tityre,
799 2449 839 2483 tu
859 2448 995 2494 patulae
1013 2448 1195 2484 recubans
1213 2448 1282 2484 sub
1301 2448 1461 2494 tegmine
1481 2448 1592 2493 fagi».
1610 2462 1657 2471 -ι

288 2509 426 2549 Moeris
447 2535 456 2544 .
475 2535 485 2544 .
506 2535 514 2544 .
536 2505 744 2550 Meliboeus,
772 2508 927 2543 nomina
952 2508 1152 2554 pastoralia
1170 2519 1189 2544 e
1208 2508 1368 2554 Vergilio
1387 2507 1590 2544 notissima.
1609 2524 1663 2543 -ὴ

957 2575 994 2606 14·
