1880 3032
279 184 330 223 ‘12
808 200 920 225 earm
947 191 1141 226 namur..

282 296 352 333 tibi
381 297 482 334 mitis
508 299 545 334 et
570 296 655 334 altae
681 297 868 334 Indicium
893 310 1017 335 mores
1044 299 1249 336 nobilitatis
1274 299 1424 344 habent,
1451 300 1552 344 Quos
1578 301 1650 337 Vo-

282 356 381 392 lesus
417 357 528 404 patrii
563 361 749 405 coynoscat
785 357 949 394 nominis
986 360 1128 403 auctor,
1164 358 1268 404 Quos
1302 358 1425 396 Numa
1458 361 1652 397 maternus

282 427 357 453 non
392 422 490 464 παρετ
525 428 598 454 esse
631 428 750 453 suos».
778 438 827 441 —-
854 428 928 454 non
953 416 1140 466 incoquita
1165 416 1308 456 Phoebo
1326 446 1335 455 .
1355 445 1365 454 .
1382 446 1392 455 .
1411 416 1506 456 mihi
1529 415 1652 456 doctae

281 471 390 513 dicite
408 472 614 524 Pmasidea
633 478 679 514 cf.
698 475 804 523 Verg.
824 476 941 513 Catal.
959 478 995 521 4,
1015 478 1130 513 7—8:
1155 478 1328 521 «Cuncta,
1356 479 1490 526 quibus
1515 479 1652 525 gaudet

282 535 412 571 Phoebi
448 536 585 572 chorus
621 536 773 582 ipseque
798 535 996 572 Phoebus».
1024 556 1072 561 —
1099 534 1229 575 Pauca
1263 536 1357 575 mihi
1391 537 1515 576 doctae
1544 535 1651 576 dicite

284 591 491 643 Peqasides‚
522 595 569 631 ad
595 595 750 632 verbum
776 607 882 642 poene
909 594 1008 631 idem
1036 595 1126 632 dicit
1152 596 1256 634 ovid.
1283 597 1372 634 Her.
1403 599 1458 641 15,
1487 598 1552 634 27:
1584 597 1652 633 «At

282 651 377 691 mihi
407 652 602 702 Peqasides
637 655 883 691 blandissima
918 657 1086 693 carmina
1122 655 1299 694 dictant».
1326 677 1375 683 —
1400 655 1495 694 mihi
1530 655 1651 698 dicite,

282 716 401 761 poetae
427 713 593 751 carmina
619 714 689 750 sibi
715 726 737 751 a
762 714 881 751 Musis
906 715 1037 752 dictari
1062 716 1230 762 fingunt;
1259 717 1304 753 cf.
1331 717 1492 764 Propert.
1520 717 1583 753 IV.
1618 717 1652 759 1,

286 774 379 811 133:
411 774 525 810 «Tum
551 774 620 810 tibi
645 786 765 821 pauca
791 787 858 812 suo
886 775 932 812 de
960 776 1123 812 carmine
1150 776 1266 812 dictat
1282 777 1450 822 Apollo».
1469 796 1518 801 —
1536 773 1651 823 Peya-

280 830 388 875 side-3,
416 832 576 880 Πηγασὶς
601 837 711 882 κρήνη
738 837 794 878 (ut
818 834 933 872 Anth.
959 834 1036 872 Pal.
1063 835 1127 872 XI.
1155 835 1214 872 24.
1241 838 1278 871 et
1303 834 1366 876 IX.
1393 835 1493 879 230.)
1517 834 1652 871 dicitur

283 892 432 938 proprie
458 892 708 939 Hippocrene,
736 894 820 929 fons
845 893 1051 936 Musarum,
1078 905 1189 940 quem
1214 894 1376 939 Pegasus
1401 894 1541 940 ungula
1567 893 1652 930 effo-

284 950 350 994 dit,
387 950 489 988 unde
527 950 632 987 Ovid.
669 952 775 989 Trist.
802 952 867 988 III.
896 952 930 995 7,
961 953 1025 988 15:
1057 952 1158 989 «Hoc
1194 963 1261 998 ego
1287 952 1482 1000 Pegasidas
1518 952 1654 991 deduxi

283 1012 427 1059 primus
452 1012 501 1048 ad
527 1012 686 1048 undas».
712 1012 794 1048 Hoc
820 1013 903 1049 loco
920 1010 1118 1060 Pegasides
1143 1013 1320 1050 dicuntur
1335 1012 1464 1055 Musae,
1491 1016 1534 1049 ut
1553 1012 1653 1059 apud

281 1071 388 1108 ovid.
406 1071 495 1107 Her.
518 1072 573 1114 15,
593 1071 660 1108 27:
684 1071 798 1108 «mihi
822 1071 1018 1117 Pegasides
1038 1071 1281 1108 blandissima
1298 1071 1463 1109 carmina
1481 1071 1645 1110 dictant»

284 1133 323 1167 et
357 1131 520 1176 Propert.
558 1131 624 1168 III.
666 1133 696 1174 1,
738 1133 804 1168 19:
840 1131 1001 1175 «Mollia,
1038 1132 1242 1177 Pegasides,
1279 1131 1364 1168 date
1401 1133 1521 1168 vestro
1558 1133 1656 1167 serta

283 1192 439 1237 poetae».
931 1220 933 1222 ,

402 1250 445 1286 V.
475 1250 584 1286 3—-6,
618 1247 737 1288 Victor
772 1248 883 1294 adest,
915 1250 940 1287 i.
967 1262 998 1287 e.
1025 1251 1182 1287 Romam
1217 1262 1386 1286 reversus
1422 1249 1654 1296 triumphum

283 1309 360 1354 agit
388 1309 571 1345 Messalla.
591 1330 638 1334 ——
666 1310 791 1357 mayni
817 1320 992 1357 maynum
1019 1307 1124 1346 decus
1150 1320 1222 1346 ecce
1247 1306 1436 1358 triumphi,
1463 1310 1574 1355 poeta
1598 1320 1654 1344 re-

285 1368 404 1415 spexit
417 1368 551 1414 Paneg.
563 1368 603 1404 in
621 1367 809 1405 Mess.⁴1-9:
830 1380 971 1416 «parvae
988 1378 1162 1417 mayuum
1180 1366 1285 1406 decus
1302 1368 1405 1405 urbis
1422 1368 1591 1405 Ulixen».
1605 1389 1653 1393 —

291 1426 413 1464 Victor
438 1437 513 1475 qua
539 1432 652 1463 terrae
679 1455 687 1463 .
717 1454 726 1463 .
755 1453 763 1462 .
784 1432 915 1477 patent
932 1427 1105 1463 Messalla
1130 1427 1226 1463 bella
1252 1427 1365 1472 gessit
1389 1427 1428 1462 in
1455 1427 1654 1463 diversissi-

284 1487 357 1522 mis
382 1486 530 1533 imperii
556 1486 716 1523 Romani
742 1487 931 1534 partibus;
958 1498 991 1527 a.
1019 1497 1052 1524 a.
1079 1486 1164 1523 Chr.
1192 1499 1229 1523 n.
1258 1487 1316 1524 36.
1340 1489 1381 1533 et
1400 1488 1458 1523 35.
1476 1486 1657 1534 pugnavit

285 1547 325 1582 in
351 1546 506 1593 Iapydia
532 1548 569 1582 et
594 1546 800 1589 Pannonia,
828 1558 860 1583 a.
881 1547 939 1583 33.
959 1546 1093 1585 devicit
1110 1546 1276 1584 Salassos
1302 1548 1450 1592 gentem
1468 1546 1655 1593 Alpinam,

284 1609 368 1652 post
384 1617 550 1653 pugnam
568 1606 757 1643 Actiacam
775 1607 921 1653 pacavit
945 1606 1154 1653 provincias
1180 1606 1398 1643 orientales:
1427 1606 1594 1642 Ciliciam
1620 1608 1657 1642 et

285 1665 430 1712 Syriam
448 1668 485 1701 et
502 1666 542 1701 in
561 1667 722 1702 extremo
741 1665 933 1702 occidente
948 1666 1135 1712 superavit
1143 1665 1349 1712 Aquitanos
1361 1665 1595 1701 rebellantes.
1607 1663 1657 1690 '—

285 1735 426 1775 quaque
459 1729 586 1774 patent
621 1723 756 1768 maria,
800 1725 973 1761 Messalla
1010 1725 1110 1760 enim
1147 1724 1318 1763 interfuit
1362 1736 1496 1771 pugnae
1532 1724 1657 1760 navali

285 1784 455 1827 Actiacae,
483 1787 525 1819 ut
550 1784 710 1830 Appian.
735 1784 828 1820 Bell.
856 1783 933 1820 civ.
960 1783 1021 1819 IV.
1051 1784 1109 1818 38.
1136 1782 1329 1820 docemur:
1358 1782 1389 1827 (ὁ
1409 1783 1563 1830 Καῖσαρ)
1579 1784 1657 1830 περὶ

283 1843 411 1881 Ἄκτιον
438 1847 705 1892 ναυαρχήσαντα
732 1842 833 1879 αὐτὸν
863 1846 924 1887 (sc.
944 1843 1169 1886 Messallam)
1186 1844 1274 1878 κατὰ
1292 1848 1350 1877 τοῦ
1369 1842 1539 1878 Ἀντωνίου
1558 1855 1657 1889 στρα-

282 1903 387 1952 τηγὸν
422 1903 569 1951 ἔπεμψεν
608 1902 663 1939 ἐπὶ
689 1902 844 1944 Κελτοὺς
882 1901 1147 1951 ἀφισταμένους.
1174 1922 1223 1927 —
1249 1898 1418 1939 Horrida
1445 1899 1658 1939 barbaricae

279 1968 435 2013 portans
471 1961 638 2011 insiqnia
673 1974 829 2012 puynae,
866 1974 910 1998 ex
936 1962 1069 1998 Catull.
1098 1962 1157 2004 66,
1189 1962 1253 1998 13;
1287 1961 1440 1997 «Dulcia
1465 1963 1657 1998 nocturnae

284 2024 439 2068 portans
465 2021 620 2067 vestigia
645 2021 766 2057 rixae».
795 2021 849 2057 Cf.
869 2021 975 2057 Ovid.
994 2021 1099 2056 Pont.
1118 2020 1184 2056 ΠΙ.
1203 2021 1238 2063 4,
1261 2021 1342 2057 109.
1360 2020 1419 2065 (de
1437 2020 1657 2068 triumpho):

292 2078 487 2119 «Barbara
513 2082 589 2118 iam
615 2082 714 2128 capti
740 2083 900 2128 poscunt
917 2079 1085 2129 insignia
1101 2092 1240 2127 reges».
1260 2101 1308 2107 —
1326 2078 1552 2124 barbaricae,
1570 2092 1658 2117 cum

285 2141 452 2177 barbaris
477 2143 663 2187 pugnatae.
681 2161 730 2166 —
743 2146 896 2189 portans
913 2139 1092 2189 insiynia,
1112 2140 1159 2176 ad
1178 2140 1297 2187 spolia
1313 2140 1353 2176 in
1371 2151 1510 2187 pompa
1527 2139 1657 2176 trium-

286 2200 389 2246 phali
415 2202 563 2247 portata
588 2200 836 2236 referendum.
856 2221 904 2225 —-
924 2197 1090 2247 Maqnus
1116 2205 1154 2236 ut
1180 2197 1340 2242 Alcides,
1368 2200 1456 2246 quia
1473 2199 1657 2242 Messalla,

286 2262 330 2296 ut
347 2259 538 2303 Hercules,
565 2262 687 2296 totum
714 2260 843 2296 orbem
860 2260 1061 2306 pererravit
1079 2262 1116 2295 et
1132 2259 1290 2305 pacavit.
1317 2260 1411 2305 Apte
1429 2258 1660 2295 conveniunt

286 2321 440 2356 Herculi
467 2320 579 2357 etiam
606 2318 777 2357 Horrida
804 2319 970 2368 insiqnia
997 2332 1048 2356 vs.
1076 2321 1111 2356 5.
1140 2321 1452 2356 commemorata=
1478 2319 1659 2355 Hercules

286 2380 387 2416 enim
413 2379 510 2426 pelle
537 2379 657 2415 leonis
682 2379 843 2415 Nemeaei
871 2390 909 2414 se
936 2378 1136 2421 induebat;
1164 2379 1211 2414 cf.
1229 2377 1335 2424 Verg.
1354 2377 1445 2413 Aen.
1463 2378 1543 2414 VH.
1563 2378 1659 2415 6692

291 2436 502 2477 «Horridus
528 2439 788 2484 Herculeoque
806 2449 954 2474 umeros
973 2438 1132 2473 innexus
1150 2437 1328 2473 amictu».
1350 2457 1398 2461 -
1416 2433 1580 2477 Alcides,
1606 2435 1661 2472 ita

286 2498 537 2545 corruptelam
557 2497 768 2534 emendavit
785 2497 930 2541 Delri03
950 2497 1065 2534 codex
1081 2495 1330 2533 Bruxellensis
1348 2495 1479 2532 habet:
1501 2492 1660 2533 Oenides

958 2566 994 2597 12
